<record xmlns:xs="http://www.w3.org/2001/XMLSchema">
         <leader>     caa a22     4  4500</leader>
         <controlfield tag="001">045860793</controlfield>
         <controlfield tag="003">CHVBK</controlfield>
         <controlfield tag="005">20180808120027.0</controlfield>
         <controlfield tag="008">991019s1999    sz            00    ger  </controlfield>
         <datafield tag="035" ind1=" " ind2=" ">
            <subfield code="a">(OCoLC)887764603</subfield>
         </datafield>
         <datafield tag="035" ind1=" " ind2=" ">
            <subfield code="a">(SGBN)000282862</subfield>
         </datafield>
         <datafield tag="040" ind1=" " ind2=" ">
            <subfield code="a">SGBN SGKBZ</subfield>
         <subfield code="d">SzZuIDS HSG</subfield></datafield>
         <datafield tag="100" ind1="1" ind2=" ">
            <subfield code="a">Ruffner</subfield>
            <subfield code="D">Markus</subfield>
         </datafield>
         <datafield tag="245" ind1="1" ind2="4">
            <subfield code="a">Die EG-Harmonisierungs- und Liberalisierungsrichtlinien</subfield>
            <subfield code="b">Blaupause und Regelungsstandard für das schweizerische Telekommunikationsrecht am Beispiel der Interkonnektion</subfield>
            <subfield code="c">Markus Ruffner</subfield>
         </datafield>
         <datafield tag="690" ind1=" " ind2="7">
            <subfield code="B">s</subfield>
            <subfield code="a">Telekommunikation</subfield>
            <subfield code="x">Recht</subfield>
            <subfield code="2">sgbn S</subfield>
         </datafield>
         <datafield tag="773" ind1=" " ind2="A">
            <subfield code="t">Der Einfluss des europäischen Rechts auf die Schweiz</subfield>
            <subfield code="d">Zürich : Schulthess, 1999</subfield>
            <subfield code="g">S. 409-427</subfield>
            <subfield code="j">409-427</subfield>
            <subfield code="w">(SGBN)000282683</subfield>
            <subfield code="9">281278865</subfield>
         </datafield>
         <datafield tag="912" ind1=" " ind2="7">
            <subfield code="a">rs</subfield>
            <subfield code="2">SGBN</subfield>
         </datafield>
         <datafield tag="950" ind1=" " ind2=" ">
            <subfield code="B">SGBN</subfield>
            <subfield code="P">100</subfield>
            <subfield code="E">1-</subfield>
            <subfield code="a">Ruffner</subfield>
            <subfield code="D">Markus</subfield>
         </datafield>
         <datafield tag="950" ind1=" " ind2=" ">
            <subfield code="B">SGBN</subfield>
            <subfield code="P">773</subfield>
            <subfield code="E">-A</subfield>
            <subfield code="t">Der Einfluss des europäischen Rechts auf die Schweiz</subfield>
            <subfield code="d">Zürich : Schulthess, 1999</subfield>
            <subfield code="g">S. 409-427</subfield>
            <subfield code="j">409-427</subfield>
            <subfield code="w">(SGBN)000282683</subfield>
            <subfield code="9">281278865</subfield>
         </datafield>
         <datafield tag="986" ind1=" " ind2=" ">
            <subfield code="a">SWISSBIB</subfield>
            <subfield code="b">045860793</subfield>
         </datafield>
         <datafield tag="898" ind1=" " ind2=" ">
            <subfield code="a">BK010000</subfield>
            <subfield code="b">XK010000</subfield>
            <subfield code="c">XK010000</subfield>
         </datafield>
         
         
         
      <datafield tag="690" ind1="H" ind2="D">
	    	<subfield code="8">WB</subfield>
	    	<subfield code="a">179 Uebrige Literatur : 179 Oeffentliches Recht</subfield>
	    	<subfield code="2">HSG-IFF</subfield>
	    </datafield><datafield tag="690" ind1="H" ind2="D">
    		<subfield code="8">0</subfield>
    		<subfield code="a"/>
    		<subfield code="2">HSG-IFF</subfield>
    	</datafield><datafield tag="690" ind1="H" ind2="D">
    		<subfield code="8">0</subfield>
    		<subfield code="a"/>
    		<subfield code="2">HSG-IFF</subfield>
    	</datafield></record>