<record xmlns:xs="http://www.w3.org/2001/XMLSchema">
         <leader>     cam a22        4500</leader>
         <controlfield tag="001">517887479</controlfield>
         <controlfield tag="003">CHVBK</controlfield>
         <controlfield tag="005">20180717144946.0</controlfield>
         <controlfield tag="007">ta</controlfield>
         <controlfield tag="008">170327s1972    xx ||||| |||| 0    |ger||</controlfield>
         <datafield tag="035" ind1=" " ind2=" ">
            <subfield code="a">(BISCH)236619</subfield>
         </datafield>
         <datafield tag="040" ind1=" " ind2=" ">
            <subfield code="a">CH-MyBISCH</subfield>
            <subfield code="d">CHVBK</subfield>
         <subfield code="d">SzZuIDS HSG</subfield></datafield>
         <datafield tag="110" ind1="2" ind2=" ">
            <subfield code="a">Eidgenössischen Expertenkommission für die Neuordnung der Krankenversicherung</subfield>
            <subfield code="e">herausgebendes Organ</subfield>
         </datafield>
         <datafield tag="245" ind1="1" ind2="0">
            <subfield code="a">Bericht der Eidgenössischen Expertenkommission für die Neuordnung der Krankenversicherung</subfield>
            <subfield code="b">vom 11. Februar 1972</subfield>
            <subfield code="c">Eidgenössischen Expertenkommission für die Neuordnung der Krankenversicherung</subfield>
         </datafield>
         <datafield tag="260" ind1=" " ind2=" ">
            <subfield code="a">Bern</subfield>
            <subfield code="b">Eid. Drucksachen- und Materialzentrale</subfield>
            <subfield code="c">1972</subfield>
         </datafield>
         <datafield tag="300" ind1=" " ind2=" ">
            <subfield code="a">283 Seiten</subfield>
            <subfield code="c">21 cm</subfield>
         </datafield>
         <datafield tag="950" ind1=" " ind2=" ">
            <subfield code="B">BISCH</subfield>
            <subfield code="P">110</subfield>
            <subfield code="E">2-</subfield>
            <subfield code="a">Eidgenössischen Expertenkommission für die Neuordnung der Krankenversicherung</subfield>
            <subfield code="e">herausgebendes Organ</subfield>
         </datafield>
         <datafield tag="898" ind1=" " ind2=" ">
            <subfield code="a">BK020000</subfield>
            <subfield code="b">XK020000</subfield>
            <subfield code="c">XK020000</subfield>
         </datafield>
         
      <datafield tag="690" ind1="H" ind2="D">
	    	<subfield code="8">YX</subfield>
	    	<subfield code="a">Wirtschaftswissenschaften : Sozialpolitik. Gesundheitswesen. Bildungsökonomie</subfield>
	    	<subfield code="2">HSG-IFF</subfield>
	    </datafield><datafield tag="690" ind1="H" ind2="D">
    		<subfield code="8">0</subfield>
    		<subfield code="a"/>
    		<subfield code="2">HSG-IFF</subfield>
    	</datafield><datafield tag="690" ind1="H" ind2="D">
    		<subfield code="8">0</subfield>
    		<subfield code="a"/>
    		<subfield code="2">HSG-IFF</subfield>
    	</datafield></record>