<record xmlns:xs="http://www.w3.org/2001/XMLSchema">
         <leader>     caa a22     u  4500</leader>
         <controlfield tag="001">281878781</controlfield>
         <controlfield tag="003">CHVBK</controlfield>
         <controlfield tag="005">20190302181707.0</controlfield>
         <controlfield tag="008">130818s1989    sz            00    ger d</controlfield>
         <datafield tag="019" ind1=" " ind2=" ">
            <subfield code="a">!!!"Bibliographie du droit suisse"!!!</subfield>
            <subfield code="5">17.01.1990/geubfd/mc</subfield>
         </datafield>
         <datafield tag="035" ind1=" " ind2=" ">
            <subfield code="a">(SGBN)000097250</subfield>
         </datafield>
         <datafield tag="035" ind1=" " ind2=" ">
            <subfield code="a">(RERO)1204045</subfield>
         </datafield>
         <datafield tag="035" ind1=" " ind2=" ">
            <subfield code="a">(VAUD)991017538479702852</subfield>
         </datafield>
         <datafield tag="035" ind1=" " ind2=" ">
            <subfield code="a">(RNV)001099581-41bculausa_network</subfield>
         </datafield>
         <datafield tag="035" ind1=" " ind2=" ">
            <subfield code="a">(RERO)001099581</subfield>
         </datafield>
         <datafield tag="035" ind1=" " ind2=" ">
            <subfield code="a">1204045</subfield>
         </datafield>
         <datafield tag="035" ind1=" " ind2=" ">
            <subfield code="a">(EXLNZ-41BCULAUSA_NETWORK)991005298419702851</subfield>
         </datafield>
         <datafield tag="040" ind1=" " ind2=" ">
            <subfield code="a">SGBN SGKBZ</subfield>
            <subfield code="b">ger</subfield>
         <subfield code="d">SzZuIDS HSG</subfield></datafield>
         <datafield tag="072" ind1=" " ind2="7">
            <subfield code="a">s1dr</subfield>
            <subfield code="2">rero</subfield>
         </datafield>
         <datafield tag="100" ind1="1" ind2=" ">
            <subfield code="a">Fessler</subfield>
            <subfield code="D">Ferdinand</subfield>
         </datafield>
         <datafield tag="245" ind1="1" ind2="4">
            <subfield code="a">Die Entwicklung der Steuerbelastung des Reineinkommens natürlicher Personen in Bund und Kanton Zürich</subfield>
            <subfield code="c">Ferdinand Fessler</subfield>
         </datafield>
         <datafield tag="580" ind1=" " ind2=" ">
            <subfield code="a">In: Das schweizerische Steuerrecht...: Festschrift zum 70. Geburtstag von Prof. Dr. Ferdinand Zuppinger / hrsg. von Markus Reich, Martin Zweifel. - Bern : Stämpfli, 1989. - S. 13-29</subfield>
         </datafield>
         <datafield tag="650" ind1=" " ind2="7">
            <subfield code="a">impôt sur le revenu des personnes physiques</subfield>
            <subfield code="0">(RERO)A009998237</subfield>
            <subfield code="2">rerovoc</subfield>
         </datafield>
         <datafield tag="650" ind1=" " ind2="7">
            <subfield code="a">impôt sur le revenu des personnes physiques</subfield>
            <subfield code="z">Suisse</subfield>
            <subfield code="2">chrero</subfield>
         </datafield>
         <datafield tag="650" ind1=" " ind2="7">
            <subfield code="a">impôt sur le revenu des personnes physiques</subfield>
            <subfield code="z">Zurich (Suisse, canton)</subfield>
            <subfield code="2">chrero</subfield>
         </datafield>
         <datafield tag="651" ind1=" " ind2="7">
            <subfield code="a">Suisse</subfield>
            <subfield code="0">(RERO)A010021522</subfield>
            <subfield code="2">rero</subfield>
         </datafield>
         <datafield tag="651" ind1=" " ind2="7">
            <subfield code="a">Zurich (Suisse, canton)</subfield>
            <subfield code="0">(RERO)A010038211</subfield>
            <subfield code="2">rero</subfield>
         </datafield>
         <datafield tag="690" ind1=" " ind2="7">
            <subfield code="B">s</subfield>
            <subfield code="a">Steuerbelastung</subfield>
            <subfield code="2">sgbn S</subfield>
         </datafield>
         <datafield tag="691" ind1=" " ind2="7">
            <subfield code="2">rero dr-sys</subfield>
            <subfield code="u">CA/CH 54.1 i</subfield>
         </datafield>
         <datafield tag="691" ind1=" " ind2="7">
            <subfield code="2">rero dr-sys</subfield>
            <subfield code="u">CA/CH-ZH 54.1 i</subfield>
         </datafield>
         <datafield tag="691" ind1=" " ind2="7">
            <subfield code="2">vaud dr-sys</subfield>
            <subfield code="u">CA/CH 54.1 i</subfield>
         </datafield>
         <datafield tag="691" ind1=" " ind2="7">
            <subfield code="2">vaud dr-sys</subfield>
            <subfield code="u">CA/CH-ZH 54.1 i</subfield>
         </datafield>
         <datafield tag="773" ind1=" " ind2="A">
            <subfield code="t">Das schweizerische Steuerrecht</subfield>
            <subfield code="d">Bern : Stämpfli, 1989</subfield>
            <subfield code="g">S. 13-29</subfield>
            <subfield code="j">13-29</subfield>
            <subfield code="w">(SGBN)000097248</subfield>
            <subfield code="9">270208453</subfield>
         </datafield>
         <datafield tag="898" ind1=" " ind2=" ">
            <subfield code="a">BK010000</subfield>
            <subfield code="b">XK010000</subfield>
            <subfield code="c">XK010000</subfield>
         </datafield>
         <datafield tag="912" ind1=" " ind2="7">
            <subfield code="a">rs</subfield>
            <subfield code="2">SGBN</subfield>
         </datafield>
         
         
         
         
         
         
         
         
         <datafield tag="950" ind1=" " ind2=" ">
            <subfield code="B">SGBN</subfield>
            <subfield code="P">100</subfield>
            <subfield code="E">1-</subfield>
            <subfield code="a">Fessler</subfield>
            <subfield code="D">Ferdinand</subfield>
         </datafield>
         <datafield tag="950" ind1=" " ind2=" ">
            <subfield code="B">SGBN</subfield>
            <subfield code="P">773</subfield>
            <subfield code="E">-A</subfield>
            <subfield code="t">Das schweizerische Steuerrecht</subfield>
            <subfield code="d">Bern : Stämpfli, 1989</subfield>
            <subfield code="g">S. 13-29</subfield>
            <subfield code="j">13-29</subfield>
            <subfield code="w">(SGBN)000097248</subfield>
            <subfield code="9">270208453</subfield>
         </datafield>
         <datafield tag="950" ind1=" " ind2=" ">
            <subfield code="B">RERO</subfield>
            <subfield code="P">100</subfield>
            <subfield code="E">1-</subfield>
            <subfield code="a">Fessler</subfield>
            <subfield code="D">Ferdinand</subfield>
            <subfield code="0">(RERO)A003240423</subfield>
            <subfield code="4">cre</subfield>
         </datafield>
         <datafield tag="950" ind1=" " ind2=" ">
            <subfield code="B">RERO</subfield>
            <subfield code="P">773</subfield>
            <subfield code="E">1-</subfield>
            <subfield code="t">Schweizerische Steuerrecht : eine Standortbestimmung : Festschrift zum 70. Geburtstag von Prof. Dr. Ferdinand Zuppinger</subfield>
            <subfield code="g">S. 13-29</subfield>
         </datafield>
         <datafield tag="950" ind1=" " ind2=" ">
            <subfield code="B">VAUD</subfield>
            <subfield code="P">100</subfield>
            <subfield code="E">1-</subfield>
            <subfield code="a">Fessler</subfield>
            <subfield code="D">Ferdinand</subfield>
         </datafield>
         <datafield tag="950" ind1=" " ind2=" ">
            <subfield code="B">VAUD</subfield>
            <subfield code="P">773</subfield>
            <subfield code="E">1-</subfield>
            <subfield code="t">Schweizerische Steuerrecht : eine Standortbestimmung : Festschrift zum 70. Geburtstag von Prof. Dr. Ferdinand Zuppinger</subfield>
            <subfield code="g">S. 13-29</subfield>
         </datafield>
         <datafield tag="986" ind1=" " ind2=" ">
            <subfield code="a">SWISSBIB</subfield>
            <subfield code="b">281878781</subfield>
         </datafield>
      <datafield tag="690" ind1="H" ind2="D">
	    	<subfield code="8">PC</subfield>
	    	<subfield code="a">Einkommen- und Vermögensteuern, Ertrag- und Kapitalsteuern : Einkommensteuer allgemein</subfield>
	    	<subfield code="2">HSG-IFF</subfield>
	    </datafield><datafield tag="690" ind1="H" ind2="D">
    		<subfield code="8">PE</subfield>
    		<subfield code="a">Einkommen- und Vermögensteuern, Ertrag- und Kapitalsteuern : Einkommen Selbständigerwerbender, Unternehmungsbesteuerung</subfield>
    		<subfield code="2">HSG-IFF</subfield>
    	</datafield><datafield tag="690" ind1="H" ind2="D">
    		<subfield code="8">0</subfield>
    		<subfield code="a"/>
    		<subfield code="2">HSG-IFF</subfield>
    	</datafield></record>