<record xmlns:xs="http://www.w3.org/2001/XMLSchema">
         <leader>     cam a22     2  4500</leader>
         <controlfield tag="001">506886565</controlfield>
         <controlfield tag="003">CHVBK</controlfield>
         <controlfield tag="005">20190125044706.0</controlfield>
         <controlfield tag="006">m        d        </controlfield>
         <controlfield tag="007">cr |n ||||||||</controlfield>
         <controlfield tag="008">180123e19700401mau     s|||| 0    |ger|d</controlfield>
         <datafield tag="020" ind1=" " ind2=" ">
            <subfield code="a">978-3-11-116323-9</subfield>
         </datafield>
         <datafield tag="020" ind1=" " ind2=" ">
            <subfield code="a">3-11-116323-7 (Trade Cloth) : USD 154.00 Retail Price</subfield>
         </datafield>
         <datafield tag="024" ind1="8" ind2=" ">
            <subfield code="a">9783111163239</subfield>
         </datafield>
         <datafield tag="035" ind1=" " ind2=" ">
            <subfield code="a">(SERSOL)ssib030448816</subfield>
         </datafield>
         <datafield tag="035" ind1=" " ind2=" ">
            <subfield code="a">(WaSeSS)ssib030448816</subfield>
         </datafield>
         <datafield tag="040" ind1=" " ind2=" ">
            <subfield code="a">BIP US</subfield>
            <subfield code="d">WaSeSS</subfield>
         <subfield code="d">SzZuIDS HSG</subfield></datafield>
         <datafield tag="100" ind1="1" ind2=" ">
            <subfield code="a">Stachels</subfield>
            <subfield code="D">Elmar</subfield>
            <subfield code="e">Author</subfield>
         </datafield>
         <datafield tag="245" ind1="1" ind2="4">
            <subfield code="a">Das Stabilitätsgesetz Im System des Regierungshandelns</subfield>
            <subfield code="h">[Elektronische Daten]</subfield>
         </datafield>
         <datafield tag="260" ind1=" " ind2=" ">
            <subfield code="a">Boston</subfield>
            <subfield code="b">De Gruyter, Inc.</subfield>
            <subfield code="c">April 1970</subfield>
         </datafield>
         <datafield tag="300" ind1=" " ind2=" ">
            <subfield code="a">1 online resource (237 p.)</subfield>
         </datafield>
         <datafield tag="490" ind1="0" ind2=" ">
            <subfield code="a">Neue Kölner Rechtswissenschaftliche Abhandlungen Ser.</subfield>
            <subfield code="v">69</subfield>
         </datafield>
         <datafield tag="490" ind1="0" ind2=" ">
            <subfield code="a">Neue Kölner Rechtswissenschaftliche Abhandlungen Ser.</subfield>
            <subfield code="v">69</subfield>
         </datafield>
         <datafield tag="506" ind1=" " ind2=" ">
            <subfield code="a">Lizenzbedingungen können den Zugang einschränken. License restrictions may limit access.</subfield>
         </datafield>
         <datafield tag="521" ind1=" " ind2=" ">
            <subfield code="a">Scholarly &amp; Professional</subfield>
            <subfield code="b">De Gruyter, Inc.</subfield>
         </datafield>
         <datafield tag="521" ind1="2" ind2=" ">
            <subfield code="a">17-17</subfield>
            <subfield code="b">De Gruyter, Inc.</subfield>
         </datafield>
         <datafield tag="856" ind1="4" ind2="0">
            <subfield code="u">https://www.degruyter.com/openurl?genre=book&amp;isbn=9783111531243</subfield>
            <subfield code="z">Uni Basel: Volltext</subfield>
         </datafield>
         <datafield tag="909" ind1=" " ind2="4">
            <subfield code="f">PDA14ALL: All Databases and eBooks</subfield>
         </datafield>
         <datafield tag="909" ind1=" " ind2="4">
            <subfield code="a">E-Books von 360MarcUpdates</subfield>
         </datafield>
         <datafield tag="950" ind1=" " ind2=" ">
            <subfield code="B">IDSBB</subfield>
            <subfield code="P">100</subfield>
            <subfield code="E">1-</subfield>
            <subfield code="a">Stachels</subfield>
            <subfield code="D">Elmar</subfield>
            <subfield code="e">Author</subfield>
         </datafield>
         <datafield tag="950" ind1=" " ind2=" ">
            <subfield code="B">IDSBB</subfield>
            <subfield code="P">490</subfield>
            <subfield code="E">1-</subfield>
            <subfield code="a">Neue Kölner Rechtswissenschaftliche Abhandlungen Ser</subfield>
            <subfield code="v">69</subfield>
         </datafield>
         <datafield tag="950" ind1=" " ind2=" ">
            <subfield code="B">IDSBB</subfield>
            <subfield code="P">856</subfield>
            <subfield code="E">40</subfield>
            <subfield code="u">https://www.degruyter.com/openurl?genre=book&amp;isbn=9783111531243</subfield>
            <subfield code="z">Uni Basel: Volltext</subfield>
         </datafield>
         <datafield tag="986" ind1=" " ind2=" ">
            <subfield code="a">SWISSBIB</subfield>
            <subfield code="b">271363576</subfield>
         </datafield>
         <datafield tag="898" ind1=" " ind2=" ">
            <subfield code="a">BK020053</subfield>
            <subfield code="b">XK020053</subfield>
            <subfield code="c">XK020000</subfield>
         </datafield>
         
      <datafield tag="690" ind1="H" ind2="D">
	    	<subfield code="8">YN</subfield>
	    	<subfield code="a">Wirtschaftswissenschaften : Konjunkturschwankungen, Stabilitätspolitik</subfield>
	    	<subfield code="2">HSG-IFF</subfield>
	    </datafield><datafield tag="690" ind1="H" ind2="D">
    		<subfield code="8">0</subfield>
    		<subfield code="a"/>
    		<subfield code="2">HSG-IFF</subfield>
    	</datafield><datafield tag="690" ind1="H" ind2="D">
    		<subfield code="8">0</subfield>
    		<subfield code="a"/>
    		<subfield code="2">HSG-IFF</subfield>
    	</datafield></record>