<record xmlns:xs="http://www.w3.org/2001/XMLSchema">
         <leader>     cam a22     1  4500</leader>
         <controlfield tag="001">54231018X</controlfield>
         <controlfield tag="003">CHVBK</controlfield>
         <controlfield tag="005">20181121085602.0</controlfield>
         <controlfield tag="008">940831s1974    fr           i10    fre d</controlfield>
         <datafield tag="020" ind1=" " ind2=" ">
            <subfield code="a">92-821-2019-8</subfield>
         </datafield>
         <datafield tag="035" ind1=" " ind2=" ">
            <subfield code="a">(SNL)991011393879703976</subfield>
         </datafield>
         <datafield tag="035" ind1=" " ind2=" ">
            <subfield code="a">(Sz)421374-41snl_51</subfield>
         </datafield>
         <datafield tag="035" ind1=" " ind2=" ">
            <subfield code="a">(Sz)vtls000421374</subfield>
         </datafield>
         <datafield tag="035" ind1=" " ind2=" ">
            <subfield code="a">(Sz)000421374</subfield>
         </datafield>
         <datafield tag="040" ind1=" " ind2=" ">
            <subfield code="a">Sz</subfield>
            <subfield code="c">SAZ</subfield>
         <subfield code="d">SzZuIDS HSG</subfield></datafield>
         <datafield tag="111" ind1="2" ind2=" ">
            <subfield code="a">Round Table on Transport Economics</subfield>
            <subfield code="n">(22</subfield>
            <subfield code="d">1973</subfield>
            <subfield code="c">Paris France)</subfield>
         </datafield>
         <datafield tag="245" ind1="1" ind2="0">
            <subfield code="a">Avantages et inconvénients (au niveau de la collectivité) des interventions de l'Etat sur la politique des prix des entreprises de transport de marchandises</subfield>
            <subfield code="b">Rapport</subfield>
         </datafield>
         <datafield tag="260" ind1=" " ind2=" ">
            <subfield code="a">Paris</subfield>
            <subfield code="b">Conférence européenne des ministres des transports</subfield>
            <subfield code="c">1974.</subfield>
         </datafield>
         <datafield tag="300" ind1=" " ind2=" ">
            <subfield code="a">44 p.</subfield>
            <subfield code="c">24 cm.</subfield>
         </datafield>
         <datafield tag="336" ind1=" " ind2=" ">
            <subfield code="b">txt</subfield>
            <subfield code="2">rdacontent</subfield>
         </datafield>
         <datafield tag="337" ind1=" " ind2=" ">
            <subfield code="b">n</subfield>
            <subfield code="2">rdamedia</subfield>
         </datafield>
         <datafield tag="338" ind1=" " ind2=" ">
            <subfield code="b">nc</subfield>
            <subfield code="2">rdacarrier</subfield>
         </datafield>
         <datafield tag="490" ind1="1" ind2=" ">
            <subfield code="a">CEMT: Table ronde</subfield>
            <subfield code="v">22</subfield>
         </datafield>
         <datafield tag="500" ind1=" " ind2=" ">
            <subfield code="a">Centre de recherches économiques</subfield>
         </datafield>
         <datafield tag="710" ind1="2" ind2=" ">
            <subfield code="a">European Conference of Ministers of Transport</subfield>
            <subfield code="0">(DE-588)2009614-8</subfield>
         </datafield>
         <datafield tag="710" ind1="2" ind2=" ">
            <subfield code="a">Economic Research Centre</subfield>
            <subfield code="0">(DE-588)666794-6</subfield>
         </datafield>
         <datafield tag="711" ind1="2" ind2=" ">
            <subfield code="a">Kongress</subfield>
            <subfield code="d">(1973</subfield>
            <subfield code="c">Paris)</subfield>
         </datafield>
         <datafield tag="830" ind1=" " ind2="0">
            <subfield code="a">CEMT: Table ronde</subfield>
            <subfield code="v">22</subfield>
         </datafield>
         <datafield tag="950" ind1=" " ind2=" ">
            <subfield code="B">SNL</subfield>
            <subfield code="P">111</subfield>
            <subfield code="E">2-</subfield>
            <subfield code="a">Round Table on Transport Economics</subfield>
            <subfield code="n">(22</subfield>
            <subfield code="d">1973</subfield>
            <subfield code="c">Paris France)</subfield>
         </datafield>
         <datafield tag="950" ind1=" " ind2=" ">
            <subfield code="B">SNL</subfield>
            <subfield code="P">490</subfield>
            <subfield code="E">1-</subfield>
            <subfield code="a">CEMT: Table ronde</subfield>
            <subfield code="v">22</subfield>
         </datafield>
         <datafield tag="950" ind1=" " ind2=" ">
            <subfield code="B">SNL</subfield>
            <subfield code="P">710</subfield>
            <subfield code="E">2-</subfield>
            <subfield code="a">European Conference of Ministers of Transport</subfield>
            <subfield code="0">(DE-588)2009614-8</subfield>
         </datafield>
         <datafield tag="950" ind1=" " ind2=" ">
            <subfield code="B">SNL</subfield>
            <subfield code="P">710</subfield>
            <subfield code="E">2-</subfield>
            <subfield code="a">Economic Research Centre</subfield>
            <subfield code="0">(DE-588)666794-6</subfield>
         </datafield>
         <datafield tag="950" ind1=" " ind2=" ">
            <subfield code="B">SNL</subfield>
            <subfield code="P">711</subfield>
            <subfield code="E">2-</subfield>
            <subfield code="a">Kongress</subfield>
            <subfield code="d">(1973</subfield>
            <subfield code="c">Paris)</subfield>
         </datafield>
         <datafield tag="950" ind1=" " ind2=" ">
            <subfield code="B">SNL</subfield>
            <subfield code="P">830</subfield>
            <subfield code="E">--</subfield>
            <subfield code="a">CEMT: Table ronde</subfield>
            <subfield code="v">22</subfield>
         </datafield>
         <datafield tag="898" ind1=" " ind2=" ">
            <subfield code="a">BK020800</subfield>
            <subfield code="b">XK020000</subfield>
            <subfield code="c">XK020000</subfield>
         </datafield>
         
      <datafield tag="690" ind1="H" ind2="D">
	    	<subfield code="8">YR</subfield>
	    	<subfield code="a">Wirtschaftswissenschaften : Gewerbepolitik. Einzelne Wirtschaftszweige</subfield>
	    	<subfield code="2">HSG-IFF</subfield>
	    </datafield><datafield tag="690" ind1="H" ind2="D">
    		<subfield code="8">0</subfield>
    		<subfield code="a"/>
    		<subfield code="2">HSG-IFF</subfield>
    	</datafield><datafield tag="690" ind1="H" ind2="D">
    		<subfield code="8">0</subfield>
    		<subfield code="a"/>
    		<subfield code="2">HSG-IFF</subfield>
    	</datafield></record>