<record xmlns:xs="http://www.w3.org/2001/XMLSchema">
         <leader>     cam a22     4  4500</leader>
         <controlfield tag="001">171505018</controlfield>
         <controlfield tag="003">CHVBK</controlfield>
         <controlfield tag="005">20190212031533.0</controlfield>
         <controlfield tag="008">100823s2010    au a     |||| 000 0 eng|d</controlfield>
         <datafield tag="020" ind1=" " ind2=" ">
            <subfield code="a">978-3-7073-1714-5 (Linde)</subfield>
         </datafield>
         <datafield tag="020" ind1=" " ind2=" ">
            <subfield code="a">3-7073-1714-5</subfield>
         </datafield>
         <datafield tag="020" ind1=" " ind2=" ">
            <subfield code="a">978-90-8722-082-2 (IBFD)</subfield>
         </datafield>
         <datafield tag="020" ind1=" " ind2=" ">
            <subfield code="a">978-3-7094-0204-7 (eISBN)</subfield>
         </datafield>
         <datafield tag="035" ind1=" " ind2=" ">
            <subfield code="a">(OCoLC)660140340</subfield>
         </datafield>
         <datafield tag="035" ind1=" " ind2=" ">
            <subfield code="a">(NEBIS)006162316</subfield>
         </datafield>
         <datafield tag="040" ind1=" " ind2=" ">
            <subfield code="a">PL1</subfield>
            <subfield code="d">SzZuIDS NEBIS UNI-RWI</subfield>
         <subfield code="d">SzZuIDS HSG</subfield></datafield>
         <datafield tag="100" ind1="1" ind2=" ">
            <subfield code="a">Lang</subfield>
            <subfield code="D">Michael</subfield>
         </datafield>
         <datafield tag="245" ind1="1" ind2="0">
            <subfield code="a">Introduction to the law of double taxation conventions</subfield>
            <subfield code="c">Michael Lang</subfield>
         </datafield>
         <datafield tag="260" ind1=" " ind2=" ">
            <subfield code="a">Wien</subfield>
            <subfield code="b">Linde</subfield>
            <subfield code="c">2010</subfield>
         </datafield>
         <datafield tag="300" ind1=" " ind2=" ">
            <subfield code="a">222 S.</subfield>
         </datafield>
         <datafield tag="650" ind1=" " ind2="7">
            <subfield code="a">Internationales Steuerrecht</subfield>
            <subfield code="2">idszbz</subfield>
         </datafield>
         <datafield tag="650" ind1=" " ind2="7">
            <subfield code="a">Doppelbesteuerung</subfield>
            <subfield code="2">idszbz</subfield>
         </datafield>
         <datafield tag="650" ind1=" " ind2="7">
            <subfield code="a">Völkerrechtlicher Vertrag</subfield>
            <subfield code="2">idszbz</subfield>
         </datafield>
         <datafield tag="655" ind1=" " ind2="7">
            <subfield code="a">Einführung</subfield>
            <subfield code="2">idszbz</subfield>
         </datafield>
         <datafield tag="856" ind1=" " ind2=" ">
            <subfield code="u">http://www.content-select.com/index.php?id=bib_view&amp;ean=9783709402047</subfield>
            <subfield code="z">ZHAW: Online via World Wide Web</subfield>
            <subfield code="x">E51</subfield>
         </datafield>
         <datafield tag="856" ind1=" " ind2=" ">
            <subfield code="u">http://www.zhaw.ch/de/hochschulbibliothek/zugriffsberechtigung/1</subfield>
            <subfield code="z">Zugriffsberechtigung ZHAW</subfield>
            <subfield code="x">E51</subfield>
         </datafield>
         <datafield tag="898" ind1=" " ind2=" ">
            <subfield code="a">BK020053</subfield>
            <subfield code="b">XK020053</subfield>
            <subfield code="c">XK020000</subfield>
         </datafield>
         <datafield tag="908" ind1=" " ind2=" ">
            <subfield code="D">2</subfield>
            <subfield code="g">CF Elektron. Daten Fernzugriff=Fichier online</subfield>
         </datafield>
         <datafield tag="909" ind1=" " ind2="7">
            <subfield code="a">rwimon201010f</subfield>
            <subfield code="c">rosi 101013</subfield>
            <subfield code="d">rwiswk201011b</subfield>
            <subfield code="e">meim</subfield>
            <subfield code="2">idszbz Z2</subfield>
         </datafield>
         <datafield tag="909" ind1=" " ind2="7">
            <subfield code="a">E51ANH-2012</subfield>
            <subfield code="2">nebis E5</subfield>
         </datafield>
         <datafield tag="909" ind1=" " ind2="7">
            <subfield code="a">E51-20120904</subfield>
            <subfield code="2">nebis EN</subfield>
         </datafield>
         <datafield tag="912" ind1=" " ind2="7">
            <subfield code="a">RWI-Sq</subfield>
            <subfield code="2">RWI-201010</subfield>
         </datafield>
         
         
         <datafield tag="950" ind1=" " ind2=" ">
            <subfield code="B">NEBIS</subfield>
            <subfield code="P">100</subfield>
            <subfield code="E">1-</subfield>
            <subfield code="a">Lang</subfield>
            <subfield code="D">Michael</subfield>
         </datafield>
         <datafield tag="950" ind1=" " ind2=" ">
            <subfield code="B">NEBIS</subfield>
            <subfield code="P">856</subfield>
            <subfield code="E">--</subfield>
            <subfield code="u">http://www.content-select.com/index.php?id=bib_view&amp;ean=9783709402047</subfield>
            <subfield code="z">ZHAW: Online via World Wide Web</subfield>
            <subfield code="x">E51</subfield>
         </datafield>
         <datafield tag="950" ind1=" " ind2=" ">
            <subfield code="B">NEBIS</subfield>
            <subfield code="P">856</subfield>
            <subfield code="E">--</subfield>
            <subfield code="u">http://www.zhaw.ch/de/hochschulbibliothek/zugriffsberechtigung/1</subfield>
            <subfield code="z">Zugriffsberechtigung ZHAW</subfield>
            <subfield code="x">E51</subfield>
         </datafield>
         <datafield tag="956" ind1="4" ind2=" ">
            <subfield code="B">NEBIS</subfield>
            <subfield code="C">ZAD50</subfield>
            <subfield code="D">EBI01</subfield>
            <subfield code="a">Z16</subfield>
            <subfield code="u">https://opac.nebis.ch/objects/pdf/z16_978-90-8722-082-2_01.pdf</subfield>
            <subfield code="y">Titelblatt und Inhaltsverzeichnis</subfield>
            <subfield code="x">VIEW</subfield>
            <subfield code="q">pdf</subfield>
         </datafield>
         <datafield tag="986" ind1=" " ind2=" ">
            <subfield code="a">SWISSBIB</subfield>
            <subfield code="b">171505018</subfield>
         </datafield>
      <datafield tag="690" ind1="H" ind2="D">
	    	<subfield code="8">LC</subfield>
	    	<subfield code="a">Interkantonales/Internationales Steuerrecht : Internationales Steuerrecht</subfield>
	    	<subfield code="2">HSG-IFF</subfield>
	    </datafield><datafield tag="690" ind1="H" ind2="D">
    		<subfield code="8">0</subfield>
    		<subfield code="a"/>
    		<subfield code="2">HSG-IFF</subfield>
    	</datafield><datafield tag="690" ind1="H" ind2="D">
    		<subfield code="8">0</subfield>
    		<subfield code="a"/>
    		<subfield code="2">HSG-IFF</subfield>
    	</datafield></record>