<record xmlns:xs="http://www.w3.org/2001/XMLSchema">
         <leader>     cam a22     u  4500</leader>
         <controlfield tag="001">403460557</controlfield>
         <controlfield tag="003">CHVBK</controlfield>
         <controlfield tag="005">20181024200205.0</controlfield>
         <controlfield tag="008">161209s1978    sz     |      00   |ger|d</controlfield>
         <datafield tag="035" ind1=" " ind2=" ">
            <subfield code="a">(NEBIS)000187710</subfield>
         </datafield>
         <datafield tag="035" ind1=" " ind2=" ">
            <subfield code="a">(ALEX)991071294101791</subfield>
         </datafield>
         <datafield tag="040" ind1=" " ind2=" ">
            <subfield code="a">ETH-BIB</subfield>
            <subfield code="b">ger</subfield>
            <subfield code="c">ETH-BIB</subfield>
            <subfield code="e">ETHICS-ISBD</subfield>
         <subfield code="d">SzZuIDS HSG</subfield></datafield>
         <datafield tag="245" ind1="0" ind2="0">
            <subfield code="a">Entwicklungsperspektiven des Endenergiebedarfs - eingriffslose Entwicklung</subfield>
            <subfield code="c">ausgearb. durch das St. Galler Zentrum für Zukunftsforschung (SGZZ)</subfield>
         </datafield>
         <datafield tag="260" ind1=" " ind2=" ">
            <subfield code="a">Bern</subfield>
            <subfield code="b">EDMZ</subfield>
            <subfield code="c">1978</subfield>
         </datafield>
         <datafield tag="300" ind1=" " ind2=" ">
            <subfield code="a">101 S.</subfield>
            <subfield code="b">Ill.</subfield>
         </datafield>
         <datafield tag="490" ind1="1" ind2=" ">
            <subfield code="a">Schriftreihe der Eidg. Kommission für die Gesamtenergiekonzeption</subfield>
            <subfield code="v">Studie Nr. 19</subfield>
            <subfield code="i">19</subfield>
            <subfield code="w">(NEBIS)000009369</subfield>
            <subfield code="9">285265644</subfield>
         </datafield>
         <datafield tag="690" ind1=" " ind2="7">
            <subfield code="B">u</subfield>
            <subfield code="a">Energiewirtschaft / Einzelne Gebiete und Orte / Europa / Schweiz</subfield>
            <subfield code="2">idszbz Z9</subfield>
         </datafield>
         <datafield tag="690" ind1=" " ind2="7">
            <subfield code="B">s</subfield>
            <subfield code="a">Stromversorgung</subfield>
            <subfield code="2">alex helvetosaurus</subfield>
         </datafield>
         <datafield tag="690" ind1=" " ind2="7">
            <subfield code="B">s</subfield>
            <subfield code="a">Kraftwerk</subfield>
            <subfield code="2">alex helvetosaurus</subfield>
         </datafield>
         <datafield tag="690" ind1=" " ind2="7">
            <subfield code="B">s</subfield>
            <subfield code="a">Energiewirtschaft</subfield>
            <subfield code="2">alex helvetosaurus</subfield>
         </datafield>
         <datafield tag="690" ind1=" " ind2="7">
            <subfield code="B">g</subfield>
            <subfield code="a">Schweiz</subfield>
            <subfield code="2">alex helvetosaurus</subfield>
         </datafield>
         <datafield tag="691" ind1=" " ind2="7">
            <subfield code="B">u</subfield>
            <subfield code="a">ENERGIETECHNIK</subfield>
            <subfield code="z">ger</subfield>
            <subfield code="u">620.9</subfield>
            <subfield code="2">nebis E1</subfield>
         </datafield>
         <datafield tag="691" ind1=" " ind2="7">
            <subfield code="B">u</subfield>
            <subfield code="a">SCHWEIZ (MITTELEUROPA). SCHWEIZERISCHE EIDGENOSSENSCHAFT</subfield>
            <subfield code="z">ger</subfield>
            <subfield code="u">(494)</subfield>
            <subfield code="2">nebis E1</subfield>
         </datafield>
         <datafield tag="691" ind1=" " ind2="7">
            <subfield code="B">u</subfield>
            <subfield code="a">ENERGY TECHNOLOGY</subfield>
            <subfield code="z">eng</subfield>
            <subfield code="u">620.9</subfield>
            <subfield code="2">nebis E1</subfield>
         </datafield>
         <datafield tag="691" ind1=" " ind2="7">
            <subfield code="B">u</subfield>
            <subfield code="a">ÉCONOMIE ET TECHNOLOGIES D'ÉNERGIE EN GÉNÉRAL</subfield>
            <subfield code="z">fre</subfield>
            <subfield code="u">620.9</subfield>
            <subfield code="2">nebis E1</subfield>
         </datafield>
         <datafield tag="691" ind1=" " ind2="7">
            <subfield code="B">u</subfield>
            <subfield code="a">SUISSE (EUROPE CENTRALE). CONFÉDÉRATION SUISSE</subfield>
            <subfield code="z">fre</subfield>
            <subfield code="u">(494)</subfield>
            <subfield code="2">nebis E1</subfield>
         </datafield>
         <datafield tag="691" ind1=" " ind2="7">
            <subfield code="B">u</subfield>
            <subfield code="a">SWITZERLAND (CENTRAL EUROPE). SWISS CONFEDERATION</subfield>
            <subfield code="z">eng</subfield>
            <subfield code="u">(494)</subfield>
            <subfield code="2">nebis E1</subfield>
         </datafield>
         <datafield tag="710" ind1="2" ind2=" ">
            <subfield code="a">Sankt Galler Zentrum für Zukunftsforschung</subfield>
            <subfield code="0">(DE-588)2060946-2</subfield>
         </datafield>
         <datafield tag="830" ind1=" " ind2="0">
            <subfield code="a">Schriftreihe der Eidgenössischen Kommission für die Gesamtenergiekonzeption</subfield>
            <subfield code="v">19</subfield>
         </datafield>
         <datafield tag="950" ind1=" " ind2=" ">
            <subfield code="B">NEBIS</subfield>
            <subfield code="P">490</subfield>
            <subfield code="E">--</subfield>
            <subfield code="a">Schriftreihe der Eidg. Kommission für die Gesamtenergiekonzeption</subfield>
            <subfield code="v">Studie Nr. 19</subfield>
            <subfield code="i">19</subfield>
            <subfield code="w">(NEBIS)000009369</subfield>
            <subfield code="9">285265644</subfield>
         </datafield>
         <datafield tag="950" ind1=" " ind2=" ">
            <subfield code="B">NEBIS</subfield>
            <subfield code="P">710</subfield>
            <subfield code="E">2-</subfield>
            <subfield code="a">Sankt Galler Zentrum für Zukunftsforschung</subfield>
            <subfield code="0">(DE-588)2060946-2</subfield>
         </datafield>
         <datafield tag="950" ind1=" " ind2=" ">
            <subfield code="B">ALEX</subfield>
            <subfield code="P">490</subfield>
            <subfield code="E">1-</subfield>
            <subfield code="a">Schriftreihe der Eidgenössischen Kommission für die Gesamtenergiekonzeption</subfield>
            <subfield code="v">19</subfield>
         </datafield>
         <datafield tag="950" ind1=" " ind2=" ">
            <subfield code="B">ALEX</subfield>
            <subfield code="P">830</subfield>
            <subfield code="E">--</subfield>
            <subfield code="a">Schriftreihe der Eidgenössischen Kommission für die Gesamtenergiekonzeption</subfield>
            <subfield code="v">19</subfield>
         </datafield>
         <datafield tag="986" ind1=" " ind2=" ">
            <subfield code="a">SWISSBIB</subfield>
            <subfield code="b">02864333X</subfield>
         </datafield>
         <datafield tag="898" ind1=" " ind2=" ">
            <subfield code="a">BK020000</subfield>
            <subfield code="b">XK020000</subfield>
            <subfield code="c">XK020000</subfield>
         </datafield>
         
         
         
         
         
         
         
      <datafield tag="690" ind1="H" ind2="D">
	    	<subfield code="8">YN</subfield>
	    	<subfield code="a">Wirtschaftswissenschaften : Konjunkturschwankungen, Stabilitätspolitik</subfield>
	    	<subfield code="2">HSG-IFF</subfield>
	    </datafield><datafield tag="690" ind1="H" ind2="D">
    		<subfield code="8">0</subfield>
    		<subfield code="a"/>
    		<subfield code="2">HSG-IFF</subfield>
    	</datafield><datafield tag="690" ind1="H" ind2="D">
    		<subfield code="8">0</subfield>
    		<subfield code="a"/>
    		<subfield code="2">HSG-IFF</subfield>
    	</datafield></record>