<record xmlns:xs="http://www.w3.org/2001/XMLSchema">
         <leader>     cam a22        4500</leader>
         <controlfield tag="001">371588308</controlfield>
         <controlfield tag="003">CHVBK</controlfield>
         <controlfield tag="005">20180517043457.0</controlfield>
         <controlfield tag="006">m        d        </controlfield>
         <controlfield tag="007">cr |n ||||||||</controlfield>
         <controlfield tag="008">141120s2012    fr |||||s|||| 0    |ger d</controlfield>
         <datafield tag="020" ind1=" " ind2=" ">
            <subfield code="a">978-92-64-13067-8</subfield>
         </datafield>
         <datafield tag="035" ind1=" " ind2=" ">
            <subfield code="a">(SERSOL)ssj0001434468</subfield>
         </datafield>
         <datafield tag="035" ind1=" " ind2=" ">
            <subfield code="a">(WaSeSS)ssj0001434468</subfield>
         </datafield>
         <datafield tag="040" ind1=" " ind2=" ">
            <subfield code="a">WaSeSS</subfield>
            <subfield code="b">eng</subfield>
            <subfield code="c">WaSeSS</subfield>
            <subfield code="d">WaSeSS</subfield>
            <subfield code="e">rda</subfield>
         <subfield code="d">SzZuIDS HSG</subfield></datafield>
         <datafield tag="050" ind1=" " ind2="4">
            <subfield code="a">HC241</subfield>
         </datafield>
         <datafield tag="245" ind1="0" ind2="0">
            <subfield code="a">OECD-handbuch "Bestechung" für die Betriebsprüferpraxis 2009</subfield>
         </datafield>
         <datafield tag="246" ind1="1" ind2=" ">
            <subfield code="a">Organisation für Wirtschaftliche Zusammenarbeit und Entwicklung-handbuch "Bestechung" für die Betriebsprüferpraxis 2009</subfield>
         </datafield>
         <datafield tag="264" ind1=" " ind2="1">
            <subfield code="a">Paris</subfield>
            <subfield code="b">OECD</subfield>
            <subfield code="c">2012</subfield>
         </datafield>
         <datafield tag="300" ind1=" " ind2=" ">
            <subfield code="a">1 online resource (42 pages)</subfield>
         </datafield>
         <datafield tag="336" ind1=" " ind2=" ">
            <subfield code="a">text</subfield>
            <subfield code="b">txt</subfield>
            <subfield code="2">rdacontent/eng</subfield>
         </datafield>
         <datafield tag="337" ind1=" " ind2=" ">
            <subfield code="a">computer</subfield>
            <subfield code="b">c</subfield>
            <subfield code="2">rdamedia/eng</subfield>
         </datafield>
         <datafield tag="338" ind1=" " ind2=" ">
            <subfield code="a">online resource</subfield>
            <subfield code="b">cr</subfield>
            <subfield code="2">rdacarrier/eng</subfield>
         </datafield>
         <datafield tag="506" ind1=" " ind2=" ">
            <subfield code="a">Lizenzbedingungen können den Zugang einschränken. License restrictions may limit access.</subfield>
         </datafield>
         <datafield tag="588" ind1=" " ind2=" ">
            <subfield code="a">Description based on: online resource; title from pdf title page (OECDiLibrary, viewed Nov. 20, 2014).</subfield>
         </datafield>
         <datafield tag="610" ind1="2" ind2="0">
            <subfield code="a">Organisation for Economic Co-operation and Development</subfield>
         </datafield>
         <datafield tag="710" ind1="2" ind2=" ">
            <subfield code="a">Organisation for Economic Co-operation and Development</subfield>
            <subfield code="e">sponsoring body</subfield>
         </datafield>
         <datafield tag="856" ind1="4" ind2="0">
            <subfield code="u">https://dx.doi.org/10.1787/9789264130678-de</subfield>
            <subfield code="z">Uni Basel: Volltext</subfield>
         </datafield>
         <datafield tag="856" ind1="4" ind2="0">
            <subfield code="u">https://dx.doi.org/10.1787/9789264130678-de</subfield>
            <subfield code="z">Uni Bern: Volltext</subfield>
         </datafield>
         <datafield tag="856" ind1="4" ind2="0">
            <subfield code="u">https://dx.doi.org/10.1787/9789264130678-de</subfield>
            <subfield code="z">EHB IFFP IUFFP: Volltext</subfield>
         </datafield>
         <datafield tag="909" ind1=" " ind2="4">
            <subfield code="f">OECD iLibrary</subfield>
         </datafield>
         <datafield tag="909" ind1=" " ind2="4">
            <subfield code="a">E-Books von 360MarcUpdates</subfield>
         </datafield>
         <datafield tag="950" ind1=" " ind2=" ">
            <subfield code="B">IDSBB</subfield>
            <subfield code="P">710</subfield>
            <subfield code="E">2-</subfield>
            <subfield code="a">Organisation for Economic Co-operation and Development</subfield>
            <subfield code="e">sponsoring body</subfield>
         </datafield>
         <datafield tag="950" ind1=" " ind2=" ">
            <subfield code="B">IDSBB</subfield>
            <subfield code="P">856</subfield>
            <subfield code="E">40</subfield>
            <subfield code="u">https://dx.doi.org/10.1787/9789264130678-de</subfield>
            <subfield code="z">Uni Basel: Volltext</subfield>
         </datafield>
         <datafield tag="950" ind1=" " ind2=" ">
            <subfield code="B">IDSBB</subfield>
            <subfield code="P">856</subfield>
            <subfield code="E">40</subfield>
            <subfield code="u">https://dx.doi.org/10.1787/9789264130678-de</subfield>
            <subfield code="z">Uni Bern: Volltext</subfield>
         </datafield>
         <datafield tag="950" ind1=" " ind2=" ">
            <subfield code="B">IDSBB</subfield>
            <subfield code="P">856</subfield>
            <subfield code="E">40</subfield>
            <subfield code="u">https://dx.doi.org/10.1787/9789264130678-de</subfield>
            <subfield code="z">EHB IFFP IUFFP: Volltext</subfield>
         </datafield>
         <datafield tag="898" ind1=" " ind2=" ">
            <subfield code="a">BK020053</subfield>
            <subfield code="b">XK020053</subfield>
            <subfield code="c">XK020000</subfield>
         </datafield>
         
         
         
      <datafield tag="690" ind1="H" ind2="D">
	    	<subfield code="8">LC</subfield>
	    	<subfield code="a">Interkantonales/Internationales Steuerrecht : Internationales Steuerrecht</subfield>
	    	<subfield code="2">HSG-IFF</subfield>
	    </datafield><datafield tag="690" ind1="H" ind2="D">
    		<subfield code="8">0</subfield>
    		<subfield code="a"/>
    		<subfield code="2">HSG-IFF</subfield>
    	</datafield><datafield tag="690" ind1="H" ind2="D">
    		<subfield code="8">0</subfield>
    		<subfield code="a"/>
    		<subfield code="2">HSG-IFF</subfield>
    	</datafield></record>