<record xmlns:xs="http://www.w3.org/2001/XMLSchema">
         <leader>     cam a22     u  4500</leader>
         <controlfield tag="001">130127701</controlfield>
         <controlfield tag="003">CHVBK</controlfield>
         <controlfield tag="005">20190321043234.0</controlfield>
         <controlfield tag="008">880218s1978    sz     |      00   |ger|d</controlfield>
         <datafield tag="035" ind1=" " ind2=" ">
            <subfield code="a">(NEBIS)000426313</subfield>
         </datafield>
         <datafield tag="040" ind1=" " ind2=" ">
            <subfield code="a">ETH-BIB</subfield>
            <subfield code="b">ger</subfield>
            <subfield code="c">ETH-BIB</subfield>
            <subfield code="e">ETHICS-ISBD</subfield>
         <subfield code="d">SzZuIDS HSG</subfield></datafield>
         <datafield tag="245" ind1="0" ind2="0">
            <subfield code="a">Einfluss des Steuerrechts auf das Handelsrecht</subfield>
            <subfield code="b">Referat</subfield>
            <subfield code="c">von Walter Ryser</subfield>
         </datafield>
         <datafield tag="260" ind1=" " ind2=" ">
            <subfield code="a">Basel</subfield>
            <subfield code="b">Helbing &amp; Lichtenhahn</subfield>
            <subfield code="c">1978</subfield>
         </datafield>
         <datafield tag="300" ind1=" " ind2=" ">
            <subfield code="a">S. 133-196</subfield>
            <subfield code="c">23 cm</subfield>
         </datafield>
         <datafield tag="490" ind1="0" ind2=" ">
            <subfield code="a">Referate und Mitteilungen / Schweizerischer Juristenverein</subfield>
            <subfield code="v">Jg. 112 (1978), Heft 2</subfield>
         </datafield>
         <datafield tag="691" ind1=" " ind2="7">
            <subfield code="B">u</subfield>
            <subfield code="a">HANDELSRECHT</subfield>
            <subfield code="z">ger</subfield>
            <subfield code="u">347.7</subfield>
            <subfield code="2">nebis E1</subfield>
         </datafield>
         <datafield tag="691" ind1=" " ind2="7">
            <subfield code="B">u</subfield>
            <subfield code="a">STEUERN (ÖFFENTLICHE FINANZEN)</subfield>
            <subfield code="z">ger</subfield>
            <subfield code="u">336,031</subfield>
            <subfield code="2">nebis E1</subfield>
         </datafield>
         <datafield tag="691" ind1=" " ind2="7">
            <subfield code="B">u</subfield>
            <subfield code="a">STEUERRECHT + FISKALRECHT (SPEZIELLE RECHTSZWEIGE)</subfield>
            <subfield code="z">ger</subfield>
            <subfield code="u">349.12</subfield>
            <subfield code="2">nebis E1</subfield>
         </datafield>
         <datafield tag="691" ind1=" " ind2="7">
            <subfield code="B">u</subfield>
            <subfield code="a">COMMERCIAL LAW</subfield>
            <subfield code="z">eng</subfield>
            <subfield code="u">347.7</subfield>
            <subfield code="2">nebis E1</subfield>
         </datafield>
         <datafield tag="691" ind1=" " ind2="7">
            <subfield code="B">u</subfield>
            <subfield code="a">DROIT COMMERCIAL</subfield>
            <subfield code="z">fre</subfield>
            <subfield code="u">347.7</subfield>
            <subfield code="2">nebis E1</subfield>
         </datafield>
         <datafield tag="691" ind1=" " ind2="7">
            <subfield code="B">u</subfield>
            <subfield code="a">IMPÔTS (FINANCES PUBLIQUES)</subfield>
            <subfield code="z">fre</subfield>
            <subfield code="u">336,031</subfield>
            <subfield code="2">nebis E1</subfield>
         </datafield>
         <datafield tag="691" ind1=" " ind2="7">
            <subfield code="B">u</subfield>
            <subfield code="a">TAXES (PUBLIC FINANCE)</subfield>
            <subfield code="z">eng</subfield>
            <subfield code="u">336,031</subfield>
            <subfield code="2">nebis E1</subfield>
         </datafield>
         <datafield tag="691" ind1=" " ind2="7">
            <subfield code="B">u</subfield>
            <subfield code="a">TAX LAW + FISCAL LAW (SPECIAL LAW BRANCHES)</subfield>
            <subfield code="z">eng</subfield>
            <subfield code="u">349.12</subfield>
            <subfield code="2">nebis E1</subfield>
         </datafield>
         <datafield tag="691" ind1=" " ind2="7">
            <subfield code="B">u</subfield>
            <subfield code="a">DROIT D'IMPÔT + DROIT FISCAL (BRANCHES SPÉCIALES DU DROIT)</subfield>
            <subfield code="z">fre</subfield>
            <subfield code="u">349.12</subfield>
            <subfield code="2">nebis E1</subfield>
         </datafield>
         <datafield tag="700" ind1="1" ind2=" ">
            <subfield code="a">Ryser</subfield>
            <subfield code="D">Walter</subfield>
         </datafield>
         <datafield tag="773" ind1=" " ind2="A">
            <subfield code="t">Referate und Mitteilungen / Schweizerischer Juristenverein</subfield>
            <subfield code="g">Jg. 112, 1978 / Heft 2, pp. 133-196</subfield>
            <subfield code="1">1978</subfield>
            <subfield code="2">112</subfield>
            <subfield code="w">(NEBIS)000054766</subfield>
            <subfield code="9">495300276</subfield>
         </datafield>
         <datafield tag="898" ind1=" " ind2=" ">
            <subfield code="a">BK020000</subfield>
            <subfield code="b">XK020000</subfield>
            <subfield code="c">XK020000</subfield>
         </datafield>
         <datafield tag="950" ind1=" " ind2=" ">
            <subfield code="B">NEBIS</subfield>
            <subfield code="P">490</subfield>
            <subfield code="E">--</subfield>
            <subfield code="a">Referate und Mitteilungen / Schweizerischer Juristenverein</subfield>
            <subfield code="v">Jg. 112 (1978), Heft 2</subfield>
         </datafield>
         <datafield tag="950" ind1=" " ind2=" ">
            <subfield code="B">NEBIS</subfield>
            <subfield code="P">700</subfield>
            <subfield code="E">1-</subfield>
            <subfield code="a">Ryser</subfield>
            <subfield code="D">Walter</subfield>
         </datafield>
         <datafield tag="950" ind1=" " ind2=" ">
            <subfield code="B">NEBIS</subfield>
            <subfield code="P">773</subfield>
            <subfield code="E">-A</subfield>
            <subfield code="t">Referate und Mitteilungen / Schweizerischer Juristenverein</subfield>
            <subfield code="g">Jg. 112, 1978 / Heft 2, pp. 133-196</subfield>
            <subfield code="1">1978</subfield>
            <subfield code="2">112</subfield>
            <subfield code="w">(NEBIS)000054766</subfield>
            <subfield code="9">495300276</subfield>
         </datafield>
         <datafield tag="986" ind1=" " ind2=" ">
            <subfield code="a">SWISSBIB</subfield>
            <subfield code="b">045444986</subfield>
         </datafield>
      <datafield tag="690" ind1="H" ind2="D">
	    	<subfield code="8">PE</subfield>
	    	<subfield code="a">Einkommen- und Vermögensteuern, Ertrag- und Kapitalsteuern : Einkommen Selbständigerwerbender, Unternehmungsbesteuerung</subfield>
	    	<subfield code="2">HSG-IFF</subfield>
	    </datafield><datafield tag="690" ind1="H" ind2="D">
    		<subfield code="8">0</subfield>
    		<subfield code="a"/>
    		<subfield code="2">HSG-IFF</subfield>
    	</datafield><datafield tag="690" ind1="H" ind2="D">
    		<subfield code="8">0</subfield>
    		<subfield code="a"/>
    		<subfield code="2">HSG-IFF</subfield>
    	</datafield></record>