<record xmlns:xs="http://www.w3.org/2001/XMLSchema">
         <leader>     cam a22        4500</leader>
         <controlfield tag="001">240829344</controlfield>
         <controlfield tag="003">CHVBK</controlfield>
         <controlfield tag="005">20190306154316.0</controlfield>
         <controlfield tag="008">000228s1997    sz            10    ger d</controlfield>
         <datafield tag="035" ind1=" " ind2=" ">
            <subfield code="a">(RERO)bv80052910</subfield>
         </datafield>
         <datafield tag="040" ind1=" " ind2=" ">
            <subfield code="a">RERO iftfla</subfield>
         <subfield code="d">SzZuIDS HSG</subfield></datafield>
         <datafield tag="072" ind1=" " ind2="7">
            <subfield code="a">s1dr</subfield>
            <subfield code="2">rero</subfield>
         </datafield>
         <datafield tag="245" ind1="0" ind2="0">
            <subfield code="a">Seminar über das Einkommen aus selbständiger Erwerbstätigkeit, 1./2. September 1997</subfield>
            <subfield code="b">Kursdokumentation</subfield>
            <subfield code="c">IFF, Institut für Finanzwirtschaft und Finanzrecht an der Universität St. Gallen (Schweiz)</subfield>
         </datafield>
         <datafield tag="246" ind1="3" ind2=" ">
            <subfield code="a">St. Galler Seminar über das Einkommen aus selbständiger Erwerbstätigkeit</subfield>
         </datafield>
         <datafield tag="264" ind1=" " ind2="1">
            <subfield code="a">St. Gallen</subfield>
            <subfield code="b">Institut für Finanzwirtschaft und Finanzrecht an der Universität St. Gallen</subfield>
            <subfield code="c">1997</subfield>
         </datafield>
         <datafield tag="300" ind1=" " ind2=" ">
            <subfield code="a">1 Ordner (getr. Zählungen)</subfield>
            <subfield code="c">32 cm</subfield>
         </datafield>
         <datafield tag="336" ind1=" " ind2=" ">
            <subfield code="b">txt</subfield>
            <subfield code="2">rdacontent</subfield>
         </datafield>
         <datafield tag="337" ind1=" " ind2=" ">
            <subfield code="b">n</subfield>
            <subfield code="2">rdamedia</subfield>
         </datafield>
         <datafield tag="338" ind1=" " ind2=" ">
            <subfield code="b">nc</subfield>
            <subfield code="2">rdacarrier</subfield>
         </datafield>
         <datafield tag="500" ind1=" " ind2=" ">
            <subfield code="a">Titre de dos: St. Galler Seminar über das Einkommen aus selbständiger Erwerbstätigkeit</subfield>
         </datafield>
         <datafield tag="650" ind1=" " ind2="7">
            <subfield code="a">direkte Bundessteuer</subfield>
            <subfield code="0">jurivoc000005673ger</subfield>
            <subfield code="9">ger</subfield>
            <subfield code="2">jurivoc</subfield>
         </datafield>
         <datafield tag="650" ind1=" " ind2="7">
            <subfield code="a">Bundesrecht</subfield>
            <subfield code="0">jurivoc000004898ger</subfield>
            <subfield code="9">ger</subfield>
            <subfield code="2">jurivoc</subfield>
         </datafield>
         <datafield tag="650" ind1=" " ind2="7">
            <subfield code="a">Steuer vom Unternehmungsgewinn</subfield>
            <subfield code="0">jurivoc000021379ger</subfield>
            <subfield code="9">ger</subfield>
            <subfield code="2">jurivoc</subfield>
         </datafield>
         <datafield tag="650" ind1=" " ind2="7">
            <subfield code="a">selbständige Erwerbstätigkeit</subfield>
            <subfield code="0">jurivoc000020080ger</subfield>
            <subfield code="9">ger</subfield>
            <subfield code="2">jurivoc</subfield>
         </datafield>
         <datafield tag="650" ind1=" " ind2="7">
            <subfield code="a">attività lucrativa indipendente</subfield>
            <subfield code="9">ita</subfield>
            <subfield code="2">jurivoc</subfield>
         </datafield>
         <datafield tag="650" ind1=" " ind2="7">
            <subfield code="a">imposta sull'utile delle aziende</subfield>
            <subfield code="9">ita</subfield>
            <subfield code="2">jurivoc</subfield>
         </datafield>
         <datafield tag="650" ind1=" " ind2="7">
            <subfield code="a">diritto federale</subfield>
            <subfield code="9">ita</subfield>
            <subfield code="2">jurivoc</subfield>
         </datafield>
         <datafield tag="650" ind1=" " ind2="7">
            <subfield code="a">imposta federale diretta</subfield>
            <subfield code="9">ita</subfield>
            <subfield code="2">jurivoc</subfield>
         </datafield>
         <datafield tag="650" ind1=" " ind2="7">
            <subfield code="a">activité lucrative indépendante</subfield>
            <subfield code="9">fre</subfield>
            <subfield code="2">jurivoc</subfield>
         </datafield>
         <datafield tag="650" ind1=" " ind2="7">
            <subfield code="a">impôt sur le bénéfice des entreprises</subfield>
            <subfield code="9">fre</subfield>
            <subfield code="2">jurivoc</subfield>
         </datafield>
         <datafield tag="650" ind1=" " ind2="7">
            <subfield code="a">droit fédéral</subfield>
            <subfield code="9">fre</subfield>
            <subfield code="2">jurivoc</subfield>
         </datafield>
         <datafield tag="650" ind1=" " ind2="7">
            <subfield code="a">impôt fédéral direct</subfield>
            <subfield code="9">fre</subfield>
            <subfield code="2">jurivoc</subfield>
         </datafield>
         <datafield tag="651" ind1=" " ind2="7">
            <subfield code="a">Schweiz</subfield>
            <subfield code="0">jurivoc000019912ger</subfield>
            <subfield code="9">ger</subfield>
            <subfield code="2">jurivoc</subfield>
         </datafield>
         <datafield tag="651" ind1=" " ind2="7">
            <subfield code="a">Suisse(État)</subfield>
            <subfield code="9">fre</subfield>
            <subfield code="2">jurivoc</subfield>
         </datafield>
         <datafield tag="651" ind1=" " ind2="7">
            <subfield code="a">Svizzera(Stato)</subfield>
            <subfield code="9">ita</subfield>
            <subfield code="2">jurivoc</subfield>
         </datafield>
         <datafield tag="710" ind1="2" ind2=" ">
            <subfield code="a">Universität (Sankt Gallen)</subfield>
            <subfield code="b">Institut für Finanzwirtschaft und Finanzrecht</subfield>
            <subfield code="0">(RERO)A016965434</subfield>
         </datafield>
         <datafield tag="898" ind1=" " ind2=" ">
            <subfield code="a">BK020800</subfield>
            <subfield code="b">XK020000</subfield>
            <subfield code="c">XK020000</subfield>
         </datafield>
         
         <datafield tag="950" ind1=" " ind2=" ">
            <subfield code="B">RERO</subfield>
            <subfield code="P">710</subfield>
            <subfield code="E">2-</subfield>
            <subfield code="a">Universität (Sankt Gallen)</subfield>
            <subfield code="b">Institut für Finanzwirtschaft und Finanzrecht</subfield>
            <subfield code="0">(RERO)A016965434</subfield>
         </datafield>
      <datafield tag="690" ind1="H" ind2="D">
	    	<subfield code="8">PE</subfield>
	    	<subfield code="a">Einkommen- und Vermögensteuern, Ertrag- und Kapitalsteuern : Einkommen Selbständigerwerbender, Unternehmungsbesteuerung</subfield>
	    	<subfield code="2">HSG-IFF</subfield>
	    </datafield><datafield tag="690" ind1="H" ind2="D">
    		<subfield code="8">0</subfield>
    		<subfield code="a"/>
    		<subfield code="2">HSG-IFF</subfield>
    	</datafield><datafield tag="690" ind1="H" ind2="D">
    		<subfield code="8">0</subfield>
    		<subfield code="a"/>
    		<subfield code="2">HSG-IFF</subfield>
    	</datafield></record>