<record xmlns:xs="http://www.w3.org/2001/XMLSchema">
         <leader>     cam a22     7  4500</leader>
         <controlfield tag="001">133936600</controlfield>
         <controlfield tag="003">CHVBK</controlfield>
         <controlfield tag="005">20180630063518.0</controlfield>
         <controlfield tag="008">990810s1984    gw     |      00   |ger|d</controlfield>
         <datafield tag="020" ind1=" " ind2=" ">
            <subfield code="a">3-428-05545-4</subfield>
         </datafield>
         <datafield tag="035" ind1=" " ind2=" ">
            <subfield code="a">(OCoLC)230499747</subfield>
         </datafield>
         <datafield tag="035" ind1=" " ind2=" ">
            <subfield code="a">(NEBIS)000935739</subfield>
         </datafield>
         <datafield tag="040" ind1=" " ind2=" ">
            <subfield code="a">SzZuIDS NEBIS ETH-WIF</subfield>
         <subfield code="d">SzZuIDS HSG</subfield></datafield>
         <datafield tag="100" ind1="1" ind2=" ">
            <subfield code="a">Berthold</subfield>
            <subfield code="D">Norbert</subfield>
            <subfield code="d">1952-</subfield>
            <subfield code="0">(DE-588)121988937</subfield>
         </datafield>
         <datafield tag="245" ind1="1" ind2="0">
            <subfield code="a">Regelgebundene Rentenanpassung als Mittel zur langfristigen Sanierung der Gesetzlichen Rentenversicherung</subfield>
            <subfield code="c">von Norbert Berthold und Bernhard Külp</subfield>
         </datafield>
         <datafield tag="260" ind1=" " ind2=" ">
            <subfield code="a">Berlin</subfield>
            <subfield code="b">Duncker &amp; Humblot</subfield>
            <subfield code="c">1984</subfield>
         </datafield>
         <datafield tag="300" ind1=" " ind2=" ">
            <subfield code="a">224 S.</subfield>
            <subfield code="b">Ill.</subfield>
         </datafield>
         <datafield tag="490" ind1="0" ind2=" ">
            <subfield code="a">Sozialpolitische Schriften</subfield>
            <subfield code="v">Heft 44</subfield>
            <subfield code="i">44</subfield>
            <subfield code="w">(NEBIS)000930010</subfield>
            <subfield code="9">271082941</subfield>
         </datafield>
         <datafield tag="650" ind1=" " ind2="7">
            <subfield code="a">Rentenanpassung</subfield>
            <subfield code="0">(DE-588)4177783-9</subfield>
            <subfield code="2">gnd</subfield>
         </datafield>
         <datafield tag="650" ind1=" " ind2="7">
            <subfield code="a">Rentenfinanzierung</subfield>
            <subfield code="0">(DE-588)4122330-5</subfield>
            <subfield code="2">gnd</subfield>
         </datafield>
         <datafield tag="650" ind1=" " ind2="7">
            <subfield code="a">Rentenversicherung</subfield>
            <subfield code="0">(DE-588)4049507-3</subfield>
            <subfield code="2">gnd</subfield>
         </datafield>
         <datafield tag="650" ind1=" " ind2="7">
            <subfield code="a">Sanierung</subfield>
            <subfield code="0">(DE-588)4126617-1</subfield>
            <subfield code="2">gnd</subfield>
         </datafield>
         <datafield tag="650" ind1=" " ind2="0">
            <subfield code="a">Old age pensions</subfield>
            <subfield code="z">Germany (West)</subfield>
            <subfield code="x">Finance</subfield>
         </datafield>
         <datafield tag="651" ind1=" " ind2="7">
            <subfield code="a">Deutschland (Bundesrepublik)</subfield>
            <subfield code="0">(DE-588)4011889-7</subfield>
            <subfield code="2">gnd</subfield>
         </datafield>
         <datafield tag="690" ind1=" " ind2="7">
            <subfield code="B">u</subfield>
            <subfield code="a">Deutschland / Versicherung / Sozialversicherung / Rentenversicherung / 1980- ersch</subfield>
            <subfield code="2">idszbz Z9</subfield>
         </datafield>
         <datafield tag="690" ind1=" " ind2="7">
            <subfield code="B">u</subfield>
            <subfield code="a">Rentenversicherung / Einzelne Fragen</subfield>
            <subfield code="2">idszbz Z9</subfield>
         </datafield>
         <datafield tag="690" ind1=" " ind2="7">
            <subfield code="B">u</subfield>
            <subfield code="a">Sanierung</subfield>
            <subfield code="2">idszbz Z9</subfield>
         </datafield>
         <datafield tag="690" ind1=" " ind2="7">
            <subfield code="B">u</subfield>
            <subfield code="a">J 2</subfield>
            <subfield code="d">Time allocation; work behavior; employment determination and creation = Zeitallokation, Arbeitsverhalten und Arbeitsangebot, Schaffung von Arbeitsplätzen</subfield>
            <subfield code="2">idsuzh VJ</subfield>
         </datafield>
         <datafield tag="690" ind1=" " ind2="7">
            <subfield code="B">u</subfield>
            <subfield code="a">I 3</subfield>
            <subfield code="d">Welfare and poverty = Wohlfahrt und Armut</subfield>
            <subfield code="2">idsuzh VJ</subfield>
         </datafield>
         <datafield tag="700" ind1="1" ind2=" ">
            <subfield code="a">Külp</subfield>
            <subfield code="D">Bernhard</subfield>
            <subfield code="d">1933-</subfield>
            <subfield code="0">(DE-588)120716356</subfield>
         </datafield>
         <datafield tag="950" ind1=" " ind2=" ">
            <subfield code="B">NEBIS</subfield>
            <subfield code="P">100</subfield>
            <subfield code="E">1-</subfield>
            <subfield code="a">Berthold</subfield>
            <subfield code="D">Norbert</subfield>
            <subfield code="d">1952-</subfield>
            <subfield code="0">(DE-588)121988937</subfield>
         </datafield>
         <datafield tag="950" ind1=" " ind2=" ">
            <subfield code="B">NEBIS</subfield>
            <subfield code="P">490</subfield>
            <subfield code="E">--</subfield>
            <subfield code="a">Sozialpolitische Schriften</subfield>
            <subfield code="v">Heft 44</subfield>
            <subfield code="i">44</subfield>
            <subfield code="w">(NEBIS)000930010</subfield>
            <subfield code="9">271082941</subfield>
         </datafield>
         <datafield tag="950" ind1=" " ind2=" ">
            <subfield code="B">NEBIS</subfield>
            <subfield code="P">700</subfield>
            <subfield code="E">1-</subfield>
            <subfield code="a">Külp</subfield>
            <subfield code="D">Bernhard</subfield>
            <subfield code="d">1933-</subfield>
            <subfield code="0">(DE-588)120716356</subfield>
         </datafield>
         <datafield tag="986" ind1=" " ind2=" ">
            <subfield code="a">SWISSBIB</subfield>
            <subfield code="b">133936600</subfield>
         </datafield>
         <datafield tag="898" ind1=" " ind2=" ">
            <subfield code="a">BK020000</subfield>
            <subfield code="b">XK020000</subfield>
            <subfield code="c">XK020000</subfield>
         </datafield>
         
         
         
      <datafield tag="690" ind1="H" ind2="D">
	    	<subfield code="8">YX</subfield>
	    	<subfield code="a">Wirtschaftswissenschaften : Sozialpolitik. Gesundheitswesen. Bildungsökonomie</subfield>
	    	<subfield code="2">HSG-IFF</subfield>
	    </datafield><datafield tag="690" ind1="H" ind2="D">
    		<subfield code="8">0</subfield>
    		<subfield code="a"/>
    		<subfield code="2">HSG-IFF</subfield>
    	</datafield><datafield tag="690" ind1="H" ind2="D">
    		<subfield code="8">0</subfield>
    		<subfield code="a"/>
    		<subfield code="2">HSG-IFF</subfield>
    	</datafield></record>