<record xmlns:xs="http://www.w3.org/2001/XMLSchema">
         <leader>     cam a22     2  4500</leader>
         <controlfield tag="001">150588631</controlfield>
         <controlfield tag="003">CHVBK</controlfield>
         <controlfield tag="005">20180630063520.0</controlfield>
         <controlfield tag="008">790104s1979    xxua     b||| 101 0 eng| </controlfield>
         <datafield tag="010" ind1=" " ind2=" ">
            <subfield code="a">   78065018 </subfield>
         </datafield>
         <datafield tag="015" ind1=" " ind2=" ">
            <subfield code="a">GB80-29229</subfield>
            <subfield code="2">bnb</subfield>
         </datafield>
         <datafield tag="020" ind1=" " ind2=" ">
            <subfield code="a">0-299-07860-4</subfield>
            <subfield code="c">$17.50</subfield>
         </datafield>
         <datafield tag="020" ind1=" " ind2=" ">
            <subfield code="a">978-0-299-07860-7</subfield>
         </datafield>
         <datafield tag="035" ind1=" " ind2=" ">
            <subfield code="a">(OCoLC)4956619</subfield>
         </datafield>
         <datafield tag="035" ind1=" " ind2=" ">
            <subfield code="a">(NEBIS)003285673</subfield>
         </datafield>
         <datafield tag="035" ind1=" " ind2=" ">
            <subfield code="a">(OCoLC)4956619</subfield>
            <subfield code="z">(OCoLC)16488728</subfield>
         </datafield>
         <datafield tag="040" ind1=" " ind2=" ">
            <subfield code="a">DLC</subfield>
            <subfield code="d">SzZuIDS NEBIS ZBZ</subfield>
         <subfield code="d">SzZuIDS HSG</subfield></datafield>
         <datafield tag="050" ind1=" " ind2=" ">
            <subfield code="a">HJ4165</subfield>
            <subfield code="b">.T33</subfield>
         </datafield>
         <datafield tag="082" ind1="0" ind2=" ">
            <subfield code="a">336.2/2/091724</subfield>
         </datafield>
         <datafield tag="245" ind1="0" ind2="4">
            <subfield code="a">The taxation of urban property in less developed countries</subfield>
            <subfield code="c">edited by Roy W. Bahl</subfield>
         </datafield>
         <datafield tag="260" ind1=" " ind2=" ">
            <subfield code="a">Madison</subfield>
            <subfield code="b">Published for the Committee on Taxation, Resources and Economic Development by the University of Wisconsin Press</subfield>
            <subfield code="c">1979</subfield>
         </datafield>
         <datafield tag="300" ind1=" " ind2=" ">
            <subfield code="a">288 p.</subfield>
            <subfield code="b">Ill.</subfield>
         </datafield>
         <datafield tag="490" ind1="0" ind2=" ">
            <subfield code="a">Publications of the Committee on Taxation, Resources and Economic Development</subfield>
            <subfield code="v">10</subfield>
            <subfield code="i">10</subfield>
            <subfield code="w">(NEBIS)000060759</subfield>
            <subfield code="9">126896178</subfield>
         </datafield>
         <datafield tag="500" ind1=" " ind2=" ">
            <subfield code="a">"Proceedings of a symposium sponsored by the Committee on Taxation, Resources and Economic Development (TRED) at the Lincoln Institute, Cambridge, Massachusetts, 1976."</subfield>
         </datafield>
         <datafield tag="504" ind1=" " ind2=" ">
            <subfield code="a">Includes bibliographical references and index</subfield>
         </datafield>
         <datafield tag="650" ind1=" " ind2="0">
            <subfield code="a">Real property tax</subfield>
            <subfield code="z">Developing countries</subfield>
            <subfield code="v">Congresses</subfield>
         </datafield>
         <datafield tag="650" ind1=" " ind2="0">
            <subfield code="a">Land use, Urban</subfield>
            <subfield code="z">Developing countries</subfield>
            <subfield code="v">Congresses</subfield>
         </datafield>
         <datafield tag="650" ind1=" " ind2="7">
            <subfield code="a">Paises Subdesenvolvidos (Economia)</subfield>
            <subfield code="2">larpcal</subfield>
         </datafield>
         <datafield tag="650" ind1=" " ind2="6">
            <subfield code="a">Propriété immobilière</subfield>
            <subfield code="x">Impôts</subfield>
            <subfield code="z">Pays en voie de développement</subfield>
            <subfield code="v">Congrès</subfield>
         </datafield>
         <datafield tag="650" ind1=" " ind2="6">
            <subfield code="a">Sol, Utilisation urbaine du</subfield>
            <subfield code="z">Pays en voie de développement</subfield>
            <subfield code="v">Congrès</subfield>
         </datafield>
         <datafield tag="650" ind1=" " ind2="0">
            <subfield code="a">Land use, Urban</subfield>
            <subfield code="z">Developing countries</subfield>
            <subfield code="x">Congresses</subfield>
         </datafield>
         <datafield tag="650" ind1=" " ind2="0">
            <subfield code="a">Real property tax</subfield>
            <subfield code="z">Developing countries</subfield>
            <subfield code="x">Congresses</subfield>
         </datafield>
         <datafield tag="651" ind1=" " ind2="0">
            <subfield code="a">Developing countries</subfield>
            <subfield code="x">Real property tax</subfield>
            <subfield code="x">Congresses</subfield>
         </datafield>
         <datafield tag="651" ind1=" " ind2="0">
            <subfield code="a">Developing countries</subfield>
            <subfield code="x">Land use, Urban</subfield>
            <subfield code="x">Congresses</subfield>
         </datafield>
         <datafield tag="651" ind1=" " ind2="0">
            <subfield code="a">Developing countries</subfield>
            <subfield code="x">Land use, Urban</subfield>
            <subfield code="v">Congresses</subfield>
         </datafield>
         <datafield tag="651" ind1=" " ind2="0">
            <subfield code="a">Developing countries</subfield>
            <subfield code="x">Real property tax</subfield>
            <subfield code="v">Congresses</subfield>
         </datafield>
         <datafield tag="690" ind1=" " ind2="7">
            <subfield code="B">u</subfield>
            <subfield code="a">Entwicklungsländer / Recht, Staat, Verwaltung / 1975- ersch</subfield>
            <subfield code="2">idszbz Z9</subfield>
         </datafield>
         <datafield tag="690" ind1=" " ind2="7">
            <subfield code="B">u</subfield>
            <subfield code="a">Grundsteuer / Einzelne Gebiete und Orte</subfield>
            <subfield code="2">idszbz Z9</subfield>
         </datafield>
         <datafield tag="690" ind1=" " ind2="7">
            <subfield code="B">u</subfield>
            <subfield code="a">Stadt / Einzelne Gebiete und Orte</subfield>
            <subfield code="2">idszbz Z9</subfield>
         </datafield>
         <datafield tag="700" ind1="1" ind2=" ">
            <subfield code="a">Bahl</subfield>
            <subfield code="D">Roy W.</subfield>
            <subfield code="d">1939-</subfield>
            <subfield code="0">(DE-588)128373334</subfield>
         </datafield>
         <datafield tag="710" ind1="2" ind2=" ">
            <subfield code="a">Committee on Taxation, Resources and Economic Development</subfield>
            <subfield code="0">(DE-588)16146958-9</subfield>
         </datafield>
         <datafield tag="909" ind1=" " ind2="7">
            <subfield code="a">MedeaZBZ</subfield>
            <subfield code="c">haff</subfield>
            <subfield code="2">idszbz ZR</subfield>
         </datafield>
         <datafield tag="913" ind1=" " ind2=" ">
            <subfield code="c">Cambridge (MA)</subfield>
            <subfield code="a">Kongress = Congrès</subfield>
            <subfield code="b">1976</subfield>
         </datafield>
         <datafield tag="950" ind1=" " ind2=" ">
            <subfield code="B">NEBIS</subfield>
            <subfield code="P">490</subfield>
            <subfield code="E">--</subfield>
            <subfield code="a">Publications of the Committee on Taxation, Resources and Economic Development</subfield>
            <subfield code="v">10</subfield>
            <subfield code="i">10</subfield>
            <subfield code="w">(NEBIS)000060759</subfield>
            <subfield code="9">126896178</subfield>
         </datafield>
         <datafield tag="950" ind1=" " ind2=" ">
            <subfield code="B">NEBIS</subfield>
            <subfield code="P">700</subfield>
            <subfield code="E">1-</subfield>
            <subfield code="a">Bahl</subfield>
            <subfield code="D">Roy W.</subfield>
            <subfield code="d">1939-</subfield>
            <subfield code="0">(DE-588)128373334</subfield>
         </datafield>
         <datafield tag="950" ind1=" " ind2=" ">
            <subfield code="B">NEBIS</subfield>
            <subfield code="P">710</subfield>
            <subfield code="E">2-</subfield>
            <subfield code="a">Committee on Taxation, Resources and Economic Development</subfield>
            <subfield code="0">(DE-588)16146958-9</subfield>
         </datafield>
         <datafield tag="986" ind1=" " ind2=" ">
            <subfield code="a">SWISSBIB</subfield>
            <subfield code="b">150588631</subfield>
         </datafield>
         <datafield tag="898" ind1=" " ind2=" ">
            <subfield code="a">BK020800</subfield>
            <subfield code="b">XK020000</subfield>
            <subfield code="c">XK020000</subfield>
         </datafield>
         
      <datafield tag="690" ind1="H" ind2="D">
	    	<subfield code="8">YM</subfield>
	    	<subfield code="a">Wirtschaftswissenschaften : Internationaler Handel. Zahlungsbilanz und Wechselkurse</subfield>
	    	<subfield code="2">HSG-IFF</subfield>
	    </datafield><datafield tag="690" ind1="H" ind2="D">
    		<subfield code="8">0</subfield>
    		<subfield code="a"/>
    		<subfield code="2">HSG-IFF</subfield>
    	</datafield><datafield tag="690" ind1="H" ind2="D">
    		<subfield code="8">0</subfield>
    		<subfield code="a"/>
    		<subfield code="2">HSG-IFF</subfield>
    	</datafield></record>