<record xmlns:xs="http://www.w3.org/2001/XMLSchema">
         <leader>     cas a22        4500</leader>
         <controlfield tag="001">54592569X</controlfield>
         <controlfield tag="003">CHVBK</controlfield>
         <controlfield tag="005">20181121093258.0</controlfield>
         <controlfield tag="007">ta</controlfield>
         <controlfield tag="008">160420d19711971sz ar p      s0    0ger d</controlfield>
         <datafield tag="035" ind1=" " ind2=" ">
            <subfield code="a">(SNL)991015020549703976</subfield>
         </datafield>
         <datafield tag="035" ind1=" " ind2=" ">
            <subfield code="a">(Sz)1607082-41snl_51</subfield>
         </datafield>
         <datafield tag="035" ind1=" " ind2=" ">
            <subfield code="a">(Sz)vtls001607082</subfield>
         </datafield>
         <datafield tag="035" ind1=" " ind2=" ">
            <subfield code="a">(Sz)001607082</subfield>
         </datafield>
         <datafield tag="040" ind1=" " ind2=" ">
            <subfield code="a">Sz</subfield>
            <subfield code="c">Sz</subfield>
         <subfield code="d">SzZuIDS HSG</subfield></datafield>
         <datafield tag="245" ind1="0" ind2="0">
            <subfield code="a">Verwaltungsentscheide des Kantons Obwalden</subfield>
            <subfield code="c">Hrsg: Regierungsrat Obwalden</subfield>
         </datafield>
         <datafield tag="260" ind1=" " ind2=" ">
            <subfield code="a">Sarnen</subfield>
            <subfield code="b">Staatskanzlei Obwalden</subfield>
            <subfield code="c">1971</subfield>
         </datafield>
         <datafield tag="300" ind1=" " ind2=" ">
            <subfield code="a">1 Bd.</subfield>
            <subfield code="c">21 cm</subfield>
         </datafield>
         <datafield tag="336" ind1=" " ind2=" ">
            <subfield code="b">txt</subfield>
            <subfield code="2">rdacontent</subfield>
         </datafield>
         <datafield tag="337" ind1=" " ind2=" ">
            <subfield code="b">n</subfield>
            <subfield code="2">rdamedia</subfield>
         </datafield>
         <datafield tag="338" ind1=" " ind2=" ">
            <subfield code="b">nc</subfield>
            <subfield code="2">rdacarrier</subfield>
         </datafield>
         <datafield tag="362" ind1="0" ind2=" ">
            <subfield code="a">1966/1970.</subfield>
         </datafield>
         <datafield tag="710" ind1="1" ind2=" ">
            <subfield code="a">Obwalden</subfield>
            <subfield code="b">Regierungsrat</subfield>
         </datafield>
         <datafield tag="785" ind1="0" ind2="0">
            <subfield code="t">Verwaltungs- und Verwaltungsgerichtsenscheide des Kantons Obwalden</subfield>
            <subfield code="7">(Sz)001606935</subfield>
         </datafield>
         <datafield tag="950" ind1=" " ind2=" ">
            <subfield code="B">SNL</subfield>
            <subfield code="P">710</subfield>
            <subfield code="E">1-</subfield>
            <subfield code="a">Obwalden</subfield>
            <subfield code="b">Regierungsrat</subfield>
         </datafield>
         <datafield tag="950" ind1=" " ind2=" ">
            <subfield code="B">SNL</subfield>
            <subfield code="P">785</subfield>
            <subfield code="E">00</subfield>
            <subfield code="t">Verwaltungs- und Verwaltungsgerichtsenscheide des Kantons Obwalden</subfield>
            <subfield code="7">(Sz)001606935</subfield>
         </datafield>
         <datafield tag="898" ind1=" " ind2=" ">
            <subfield code="a">CR030600</subfield>
            <subfield code="b">XR030000</subfield>
            <subfield code="c">XR030000</subfield>
         </datafield>
         
      <datafield tag="690" ind1="H" ind2="D">
	    	<subfield code="8">HB</subfield>
	    	<subfield code="a">Schweizerische Steuer-Gesetzgebung und -Judikatur : Judikatur, Entscheidungssammlungen (Bund, einzelne Kantone)</subfield>
	    	<subfield code="2">HSG-IFF</subfield>
	    </datafield><datafield tag="690" ind1="H" ind2="D">
    		<subfield code="8">0</subfield>
    		<subfield code="a"/>
    		<subfield code="2">HSG-IFF</subfield>
    	</datafield><datafield tag="690" ind1="H" ind2="D">
    		<subfield code="8">0</subfield>
    		<subfield code="a"/>
    		<subfield code="2">HSG-IFF</subfield>
    	</datafield></record>