<record xmlns:xs="http://www.w3.org/2001/XMLSchema">
         <leader>     caa a22     u  4500</leader>
         <controlfield tag="001">108860043</controlfield>
         <controlfield tag="003">CHVBK</controlfield>
         <controlfield tag="005">20161010163108.0</controlfield>
         <controlfield tag="008">120318s1988    xx            00    ger  </controlfield>
         <datafield tag="019" ind1=" " ind2=" ">
            <subfield code="a">Konvertierte Aufnahme MfK/PTT</subfield>
            <subfield code="5">B429/2011</subfield>
         </datafield>
         <datafield tag="035" ind1=" " ind2=" ">
            <subfield code="a">(OCoLC)785040105</subfield>
         </datafield>
         <datafield tag="035" ind1=" " ind2=" ">
            <subfield code="a">(IDSBB)005898483</subfield>
         </datafield>
         <datafield tag="040" ind1=" " ind2=" ">
            <subfield code="a">SzZuIDS BS/BE B429</subfield>
            <subfield code="e">kids</subfield>
         <subfield code="d">SzZuIDS HSG</subfield></datafield>
         <datafield tag="100" ind1="1" ind2=" ">
            <subfield code="a">Hablützel</subfield>
            <subfield code="D">Peter</subfield>
         </datafield>
         <datafield tag="245" ind1="1" ind2="4">
            <subfield code="a">Die innovative Verwaltung</subfield>
            <subfield code="b">Ansätze und Erfahrungen aus dem Reorganisationsprojekt EFFISTA im Kanton Bern</subfield>
         </datafield>
         <datafield tag="336" ind1=" " ind2=" ">
            <subfield code="a">Text</subfield>
            <subfield code="b">txt</subfield>
            <subfield code="2">rdacontent/ger</subfield>
         </datafield>
         <datafield tag="337" ind1=" " ind2=" ">
            <subfield code="a">ohne Hilfsmittel zu benutzen</subfield>
            <subfield code="b">n</subfield>
            <subfield code="2">rdamedia/ger</subfield>
         </datafield>
         <datafield tag="338" ind1=" " ind2=" ">
            <subfield code="a">Band</subfield>
            <subfield code="b">nc</subfield>
            <subfield code="2">rdacarrier/ger</subfield>
         </datafield>
         <datafield tag="690" ind1=" " ind2="4">
            <subfield code="B">u</subfield>
            <subfield code="a">Öffentliche Verwaltung ; Schweiz-Bern ; Produktivität, Rationalisierung, Wirtschaftlichkeit (Management)</subfield>
         </datafield>
         <datafield tag="690" ind1=" " ind2="4">
            <subfield code="B">u</subfield>
            <subfield code="a">Effizienzsteigerung / Effektivitätssteigerung in der öffentlichen Verwaltung / Outputorientierung</subfield>
         </datafield>
         <datafield tag="773" ind1="0" ind2="U">
            <subfield code="t">Verwaltung + Organisation : Zeitschrift für privates und öffentliches Management</subfield>
            <subfield code="d">Solothurn</subfield>
            <subfield code="g">42(1988)9, S. 220-222</subfield>
            <subfield code="j">42/1988/9/220-222</subfield>
            <subfield code="w">(IDSBB)000064716</subfield>
            <subfield code="9">274391848</subfield>
         </datafield>
         <datafield tag="950" ind1=" " ind2=" ">
            <subfield code="B">IDSBB</subfield>
            <subfield code="P">100</subfield>
            <subfield code="E">1-</subfield>
            <subfield code="a">Hablützel</subfield>
            <subfield code="D">Peter</subfield>
         </datafield>
         <datafield tag="950" ind1=" " ind2=" ">
            <subfield code="B">IDSBB</subfield>
            <subfield code="P">773</subfield>
            <subfield code="E">0U</subfield>
            <subfield code="t">Verwaltung + Organisation : Zeitschrift für privates und öffentliches Management</subfield>
            <subfield code="d">Solothurn</subfield>
            <subfield code="g">42(1988)9, S. 220-222</subfield>
            <subfield code="j">42/1988/9/220-222</subfield>
            <subfield code="w">(IDSBB)000064716</subfield>
            <subfield code="9">274391848</subfield>
         </datafield>
         <datafield tag="986" ind1=" " ind2=" ">
            <subfield code="a">SWISSBIB</subfield>
            <subfield code="b">108860043</subfield>
         </datafield>
         <datafield tag="898" ind1=" " ind2=" ">
            <subfield code="a">BK010000</subfield>
            <subfield code="b">XK010000</subfield>
            <subfield code="c">XK010000</subfield>
         </datafield>
         
      <datafield tag="690" ind1="H" ind2="D">
	    	<subfield code="8">YQ</subfield>
	    	<subfield code="a">Wirtschaftswissenschaften : Spezielle Betriebswirtschaftslehren</subfield>
	    	<subfield code="2">HSG-IFF</subfield>
	    </datafield><datafield tag="690" ind1="H" ind2="D">
    		<subfield code="8">0</subfield>
    		<subfield code="a"/>
    		<subfield code="2">HSG-IFF</subfield>
    	</datafield><datafield tag="690" ind1="H" ind2="D">
    		<subfield code="8">0</subfield>
    		<subfield code="a"/>
    		<subfield code="2">HSG-IFF</subfield>
    	</datafield></record>