<record xmlns:xs="http://www.w3.org/2001/XMLSchema">
         <leader>     caa a22        4500</leader>
         <controlfield tag="001">451676564</controlfield>
         <controlfield tag="003">CHVBK</controlfield>
         <controlfield tag="005">20180613090436.0</controlfield>
         <controlfield tag="007">cr unu---uuuuu</controlfield>
         <controlfield tag="008">170325e19720301xx      s     000 0 eng  </controlfield>
         <datafield tag="024" ind1="7" ind2="0">
            <subfield code="a">10.1007/BF01718470</subfield>
            <subfield code="2">doi</subfield>
         </datafield>
         <datafield tag="035" ind1=" " ind2=" ">
            <subfield code="a">(NATIONALLICENCE)springer-10.1007/BF01718470</subfield>
         </datafield>
         <datafield tag="245" ind1="0" ind2="0">
            <subfield code="a">Representative democracy via random selection</subfield>
            <subfield code="h">[Elektronische Daten]</subfield>
            <subfield code="c">[Dennis Mueller, Robert Tollison, Thomas Willett]</subfield>
         </datafield>
         <datafield tag="540" ind1=" " ind2=" ">
            <subfield code="a">Center for Study of Public Choice Virginia Polytechnic Institute and State University, 1972</subfield>
         </datafield>
         <datafield tag="700" ind1="1" ind2=" ">
            <subfield code="a">Mueller</subfield>
            <subfield code="D">Dennis</subfield>
            <subfield code="4">aut</subfield>
         </datafield>
         <datafield tag="700" ind1="1" ind2=" ">
            <subfield code="a">Tollison</subfield>
            <subfield code="D">Robert</subfield>
            <subfield code="4">aut</subfield>
         </datafield>
         <datafield tag="700" ind1="1" ind2=" ">
            <subfield code="a">Willett</subfield>
            <subfield code="D">Thomas</subfield>
            <subfield code="4">aut</subfield>
         </datafield>
         <datafield tag="773" ind1="0" ind2=" ">
            <subfield code="t">Public Choice</subfield>
            <subfield code="d">Kluwer Academic Publishers</subfield>
            <subfield code="g">12/1(1972-03-01), 57-68</subfield>
            <subfield code="x">0048-5829</subfield>
            <subfield code="q">12:1&lt;57</subfield>
            <subfield code="1">1972</subfield>
            <subfield code="2">12</subfield>
            <subfield code="o">11127</subfield>
         </datafield>
         <datafield tag="856" ind1="4" ind2="0">
            <subfield code="u">https://doi.org/10.1007/BF01718470</subfield>
            <subfield code="q">text/html</subfield>
            <subfield code="z">Onlinezugriff via DOI</subfield>
         </datafield>
         <datafield tag="908" ind1=" " ind2=" ">
            <subfield code="D">1</subfield>
            <subfield code="a">research-article</subfield>
            <subfield code="2">jats</subfield>
         </datafield>
         <datafield tag="950" ind1=" " ind2=" ">
            <subfield code="B">NATIONALLICENCE</subfield>
            <subfield code="P">856</subfield>
            <subfield code="E">40</subfield>
            <subfield code="u">https://doi.org/10.1007/BF01718470</subfield>
            <subfield code="q">text/html</subfield>
            <subfield code="z">Onlinezugriff via DOI</subfield>
         </datafield>
         <datafield tag="950" ind1=" " ind2=" ">
            <subfield code="B">NATIONALLICENCE</subfield>
            <subfield code="P">700</subfield>
            <subfield code="E">1-</subfield>
            <subfield code="a">Mueller</subfield>
            <subfield code="D">Dennis</subfield>
            <subfield code="4">aut</subfield>
         </datafield>
         <datafield tag="950" ind1=" " ind2=" ">
            <subfield code="B">NATIONALLICENCE</subfield>
            <subfield code="P">700</subfield>
            <subfield code="E">1-</subfield>
            <subfield code="a">Tollison</subfield>
            <subfield code="D">Robert</subfield>
            <subfield code="4">aut</subfield>
         </datafield>
         <datafield tag="950" ind1=" " ind2=" ">
            <subfield code="B">NATIONALLICENCE</subfield>
            <subfield code="P">700</subfield>
            <subfield code="E">1-</subfield>
            <subfield code="a">Willett</subfield>
            <subfield code="D">Thomas</subfield>
            <subfield code="4">aut</subfield>
         </datafield>
         <datafield tag="950" ind1=" " ind2=" ">
            <subfield code="B">NATIONALLICENCE</subfield>
            <subfield code="P">773</subfield>
            <subfield code="E">0-</subfield>
            <subfield code="t">Public Choice</subfield>
            <subfield code="d">Kluwer Academic Publishers</subfield>
            <subfield code="g">12/1(1972-03-01), 57-68</subfield>
            <subfield code="x">0048-5829</subfield>
            <subfield code="q">12:1&lt;57</subfield>
            <subfield code="1">1972</subfield>
            <subfield code="2">12</subfield>
            <subfield code="o">11127</subfield>
         </datafield>
         <datafield tag="900" ind1=" " ind2="7">
            <subfield code="a">Metadata rights reserved</subfield>
            <subfield code="b">Springer special CC-BY-NC licence</subfield>
            <subfield code="2">nationallicence</subfield>
         </datafield>
         <datafield tag="986" ind1=" " ind2=" ">
            <subfield code="a">SWISSBIB</subfield>
            <subfield code="b">451676564</subfield>
         </datafield>
         <datafield tag="898" ind1=" " ind2=" ">
            <subfield code="a">BK010053</subfield>
            <subfield code="b">XK010053</subfield>
            <subfield code="c">XK010000</subfield>
         </datafield>
         
      <datafield tag="690" ind1="H" ind2="D">
	    	<subfield code="8">YQ</subfield>
	    	<subfield code="a">Wirtschaftswissenschaften : Spezielle Betriebswirtschaftslehren</subfield>
	    	<subfield code="2">HSG-IFF</subfield>
	    </datafield><datafield tag="690" ind1="H" ind2="D">
    		<subfield code="8">0</subfield>
    		<subfield code="a"/>
    		<subfield code="2">HSG-IFF</subfield>
    	</datafield><datafield tag="690" ind1="H" ind2="D">
    		<subfield code="8">0</subfield>
    		<subfield code="a"/>
    		<subfield code="2">HSG-IFF</subfield>
    	</datafield></record>