<record xmlns:xs="http://www.w3.org/2001/XMLSchema">
         <leader>     caa a22     2  4500</leader>
         <controlfield tag="001">082957622</controlfield>
         <controlfield tag="003">CHVBK</controlfield>
         <controlfield tag="005">20190302061514.0</controlfield>
         <controlfield tag="008">051115s1949    sz            00    ger  </controlfield>
         <datafield tag="019" ind1=" " ind2=" ">
            <subfield code="a">RekatMedea: 003.0746, 003.0745</subfield>
            <subfield code="5">akswa</subfield>
         </datafield>
         <datafield tag="035" ind1=" " ind2=" ">
            <subfield code="a">(OCoLC)605260925</subfield>
         </datafield>
         <datafield tag="035" ind1=" " ind2=" ">
            <subfield code="a">(IDSBB)003710645</subfield>
         </datafield>
         <datafield tag="040" ind1=" " ind2=" ">
            <subfield code="a">SzZuIDS BS/BE A125</subfield>
            <subfield code="e">kids</subfield>
         <subfield code="d">SzZuIDS HSG</subfield></datafield>
         <datafield tag="100" ind1="1" ind2=" ">
            <subfield code="a">Amonn</subfield>
            <subfield code="D">Alfred</subfield>
         </datafield>
         <datafield tag="245" ind1="1" ind2="0">
            <subfield code="a">Gerechtigkeit und Zweckmässigkeit in der Besteuerung</subfield>
            <subfield code="c">Alfred Amonn</subfield>
         </datafield>
         <datafield tag="336" ind1=" " ind2=" ">
            <subfield code="a">Text</subfield>
            <subfield code="b">txt</subfield>
            <subfield code="2">rdacontent/ger</subfield>
         </datafield>
         <datafield tag="337" ind1=" " ind2=" ">
            <subfield code="a">ohne Hilfsmittel zu benutzen</subfield>
            <subfield code="b">n</subfield>
            <subfield code="2">rdamedia/ger</subfield>
         </datafield>
         <datafield tag="338" ind1=" " ind2=" ">
            <subfield code="a">Band</subfield>
            <subfield code="b">nc</subfield>
            <subfield code="2">rdacarrier/ger</subfield>
         </datafield>
         <datafield tag="500" ind1=" " ind2=" ">
            <subfield code="a">SA aus: Festgabe für Eugen Grossmann. 14 S.</subfield>
         </datafield>
         <datafield tag="773" ind1="0" ind2="A">
            <subfield code="t">Probleme der öffentlichen Finanzen und der Währung</subfield>
            <subfield code="g">S. 3-14</subfield>
            <subfield code="j">3-14</subfield>
            <subfield code="w">(IDSBB)000510829</subfield>
            <subfield code="9">267807171</subfield>
         </datafield>
         <datafield tag="898" ind1=" " ind2=" ">
            <subfield code="a">BK010000</subfield>
            <subfield code="b">XK010000</subfield>
            <subfield code="c">XK010000</subfield>
         </datafield>
         <datafield tag="909" ind1=" " ind2="7">
            <subfield code="f">akswamedea</subfield>
            <subfield code="2">idsbb A</subfield>
         </datafield>
         
         
         
         
         
         
         
         
         
         
         <datafield tag="950" ind1=" " ind2=" ">
            <subfield code="B">IDSBB</subfield>
            <subfield code="P">100</subfield>
            <subfield code="E">1-</subfield>
            <subfield code="a">Amonn</subfield>
            <subfield code="D">Alfred</subfield>
         </datafield>
         <datafield tag="950" ind1=" " ind2=" ">
            <subfield code="B">IDSBB</subfield>
            <subfield code="P">773</subfield>
            <subfield code="E">0A</subfield>
            <subfield code="t">Probleme der öffentlichen Finanzen und der Währung</subfield>
            <subfield code="g">S. 3-14</subfield>
            <subfield code="j">3-14</subfield>
            <subfield code="w">(IDSBB)000510829</subfield>
            <subfield code="9">267807171</subfield>
         </datafield>
         <datafield tag="986" ind1=" " ind2=" ">
            <subfield code="a">SWISSBIB</subfield>
            <subfield code="b">082957622</subfield>
         </datafield>
      <datafield tag="690" ind1="H" ind2="D">
	    	<subfield code="8">JD</subfield>
	    	<subfield code="a">Allgemeine Steuerrechtsliteratur : Grundsätze der Rechtsanwendung</subfield>
	    	<subfield code="2">HSG-IFF</subfield>
	    </datafield><datafield tag="690" ind1="H" ind2="D">
    		<subfield code="8">0</subfield>
    		<subfield code="a"/>
    		<subfield code="2">HSG-IFF</subfield>
    	</datafield><datafield tag="690" ind1="H" ind2="D">
    		<subfield code="8">0</subfield>
    		<subfield code="a"/>
    		<subfield code="2">HSG-IFF</subfield>
    	</datafield></record>