<record xmlns:xs="http://www.w3.org/2001/XMLSchema">
         <leader>     cam a22        4500</leader>
         <controlfield tag="001">212836005</controlfield>
         <controlfield tag="003">CHVBK</controlfield>
         <controlfield tag="005">20190302225359.0</controlfield>
         <controlfield tag="008">920609m19911992fr            00    fre d</controlfield>
         <datafield tag="020" ind1=" " ind2=" ">
            <subfield code="a">2-85115-182-7</subfield>
         </datafield>
         <datafield tag="035" ind1=" " ind2=" ">
            <subfield code="a">(RERO)1536393</subfield>
         </datafield>
         <datafield tag="040" ind1=" " ind2=" ">
            <subfield code="a">RERO geubfd</subfield>
         <subfield code="d">SzZuIDS HSG</subfield></datafield>
         <datafield tag="072" ind1=" " ind2="7">
            <subfield code="a">s1dr</subfield>
            <subfield code="2">rero</subfield>
         </datafield>
         <datafield tag="100" ind1="1" ind2=" ">
            <subfield code="a">Gambier</subfield>
            <subfield code="D">Claude</subfield>
            <subfield code="0">(RERO)A003277401</subfield>
            <subfield code="4">cre</subfield>
         </datafield>
         <datafield tag="245" ind1="1" ind2="4">
            <subfield code="a">Les impôts en France</subfield>
            <subfield code="b">traité pratique de la fiscalité des affaires : [1991-1992]</subfield>
            <subfield code="c">Claude Gambier, Jean-Yves Mercier</subfield>
         </datafield>
         <datafield tag="250" ind1=" " ind2=" ">
            <subfield code="a">23e éd. à jour au 1er août 1991</subfield>
         </datafield>
         <datafield tag="264" ind1=" " ind2="1">
            <subfield code="a">Paris</subfield>
            <subfield code="b">F. Lefebvre</subfield>
            <subfield code="c">1991-1992</subfield>
         </datafield>
         <datafield tag="300" ind1=" " ind2=" ">
            <subfield code="a">643 p.</subfield>
            <subfield code="c">24 cm</subfield>
            <subfield code="e">mise à jour au 1er janvier 1992 (15 p.)</subfield>
         </datafield>
         <datafield tag="336" ind1=" " ind2=" ">
            <subfield code="b">txt</subfield>
            <subfield code="2">rdacontent</subfield>
         </datafield>
         <datafield tag="337" ind1=" " ind2=" ">
            <subfield code="b">n</subfield>
            <subfield code="2">rdamedia</subfield>
         </datafield>
         <datafield tag="338" ind1=" " ind2=" ">
            <subfield code="b">nc</subfield>
            <subfield code="2">rdacarrier</subfield>
         </datafield>
         <datafield tag="500" ind1=" " ind2=" ">
            <subfield code="a">Le dos porte : "Les impôts en France 1991-1992"</subfield>
         </datafield>
         <datafield tag="650" ind1=" " ind2="7">
            <subfield code="a">Droit fiscal</subfield>
            <subfield code="0">(RERO)A021008650</subfield>
            <subfield code="2">rero</subfield>
         </datafield>
         <datafield tag="651" ind1=" " ind2="7">
            <subfield code="a">France</subfield>
            <subfield code="0">(RERO)A010085019</subfield>
            <subfield code="2">rero</subfield>
         </datafield>
         <datafield tag="655" ind1=" " ind2="7">
            <subfield code="a">Manuels d'enseignement</subfield>
            <subfield code="2">rero</subfield>
         </datafield>
         <datafield tag="691" ind1=" " ind2="7">
            <subfield code="2">rero dr-sys</subfield>
            <subfield code="u">CA/F 54 g</subfield>
         </datafield>
         <datafield tag="700" ind1="1" ind2=" ">
            <subfield code="a">Mercier</subfield>
            <subfield code="D">Jean-Yves</subfield>
            <subfield code="0">(RERO)A003584987</subfield>
         </datafield>
         <datafield tag="898" ind1=" " ind2=" ">
            <subfield code="a">BK020000</subfield>
            <subfield code="b">XK020000</subfield>
            <subfield code="c">XK020000</subfield>
         </datafield>
         
         <datafield tag="950" ind1=" " ind2=" ">
            <subfield code="B">RERO</subfield>
            <subfield code="P">100</subfield>
            <subfield code="E">1-</subfield>
            <subfield code="a">Gambier</subfield>
            <subfield code="D">Claude</subfield>
            <subfield code="0">(RERO)A003277401</subfield>
            <subfield code="4">cre</subfield>
         </datafield>
         <datafield tag="950" ind1=" " ind2=" ">
            <subfield code="B">RERO</subfield>
            <subfield code="P">700</subfield>
            <subfield code="E">1-</subfield>
            <subfield code="a">Mercier</subfield>
            <subfield code="D">Jean-Yves</subfield>
            <subfield code="0">(RERO)A003584987</subfield>
         </datafield>
         <datafield tag="986" ind1=" " ind2=" ">
            <subfield code="a">SWISSBIB</subfield>
            <subfield code="b">134813081</subfield>
         </datafield>
      <datafield tag="690" ind1="H" ind2="D">
	    	<subfield code="8">KE</subfield>
	    	<subfield code="a">Ausländisches Steuerrecht : Frankreich</subfield>
	    	<subfield code="2">HSG-IFF</subfield>
	    </datafield><datafield tag="690" ind1="H" ind2="D">
    		<subfield code="8">0</subfield>
    		<subfield code="a"/>
    		<subfield code="2">HSG-IFF</subfield>
    	</datafield><datafield tag="690" ind1="H" ind2="D">
    		<subfield code="8">0</subfield>
    		<subfield code="a"/>
    		<subfield code="2">HSG-IFF</subfield>
    	</datafield></record>