<record xmlns:xs="http://www.w3.org/2001/XMLSchema">
         <leader>     cam a22        4500</leader>
         <controlfield tag="001">428025528</controlfield>
         <controlfield tag="003">CHVBK</controlfield>
         <controlfield tag="005">20190304091739.0</controlfield>
         <controlfield tag="008">170124s1996    ne            00    eng d</controlfield>
         <datafield tag="020" ind1=" " ind2=" ">
            <subfield code="a">90-70125-85-4</subfield>
         </datafield>
         <datafield tag="035" ind1=" " ind2=" ">
            <subfield code="a">(RERO)R242686760</subfield>
         </datafield>
         <datafield tag="035" ind1=" " ind2=" ">
            <subfield code="a">(VAUD)991016525729702852</subfield>
         </datafield>
         <datafield tag="035" ind1=" " ind2=" ">
            <subfield code="a">(IDSBB)002215829</subfield>
         </datafield>
         <datafield tag="035" ind1=" " ind2=" ">
            <subfield code="a">(RNV)002426867-41bculausa_network</subfield>
         </datafield>
         <datafield tag="035" ind1=" " ind2=" ">
            <subfield code="a">(RERO)002426867</subfield>
         </datafield>
         <datafield tag="035" ind1=" " ind2=" ">
            <subfield code="a">R242686760</subfield>
         </datafield>
         <datafield tag="035" ind1=" " ind2=" ">
            <subfield code="a">(EXLNZ-41BCULAUSA_NETWORK)991020613439702851</subfield>
         </datafield>
         <datafield tag="040" ind1=" " ind2=" ">
            <subfield code="a">RERO labcue</subfield>
         <subfield code="d">SzZuIDS HSG</subfield></datafield>
         <datafield tag="072" ind1=" " ind2="7">
            <subfield code="a">s1dr</subfield>
            <subfield code="2">rero</subfield>
         </datafield>
         <datafield tag="082" ind1="0" ind2=" ">
            <subfield code="a">336.2003</subfield>
         </datafield>
         <datafield tag="082" ind1="0" ind2=" ">
            <subfield code="a">336.203</subfield>
            <subfield code="2">21</subfield>
         </datafield>
         <datafield tag="082" ind1="0" ind2=" ">
            <subfield code="a">343.0403</subfield>
         </datafield>
         <datafield tag="082" ind1="1" ind2=" ">
            <subfield code="a">340</subfield>
            <subfield code="2">15</subfield>
         </datafield>
         <datafield tag="084" ind1=" " ind2=" ">
            <subfield code="a">PP 8050</subfield>
            <subfield code="2">rvk</subfield>
         </datafield>
         <datafield tag="084" ind1=" " ind2=" ">
            <subfield code="a">QB 020</subfield>
            <subfield code="2">rvk</subfield>
         </datafield>
         <datafield tag="084" ind1=" " ind2=" ">
            <subfield code="a">QL 400</subfield>
            <subfield code="2">rvk</subfield>
         </datafield>
         <datafield tag="245" ind1="0" ind2="0">
            <subfield code="a">International tax glossary</subfield>
            <subfield code="c">[The International Bureau of Fiscal Documentation] ; ed. Susan M. Lyons</subfield>
         </datafield>
         <datafield tag="250" ind1=" " ind2=" ">
            <subfield code="a">Rev. 3rd ed</subfield>
         </datafield>
         <datafield tag="264" ind1=" " ind2="1">
            <subfield code="a">Amsterdam</subfield>
            <subfield code="b">IBFD Publications</subfield>
            <subfield code="c">[1996]</subfield>
         </datafield>
         <datafield tag="264" ind1=" " ind2="4">
            <subfield code="c">© 1996</subfield>
         </datafield>
         <datafield tag="300" ind1=" " ind2=" ">
            <subfield code="a">VIII, 356 p.</subfield>
            <subfield code="c">19 cm</subfield>
         </datafield>
         <datafield tag="583" ind1=" " ind2=" ">
            <subfield code="5">labcue UMA 35498</subfield>
            <subfield code="z">3</subfield>
         </datafield>
         <datafield tag="650" ind1=" " ind2="7">
            <subfield code="a">Économie politique</subfield>
            <subfield code="0">(RERO)A021017069</subfield>
            <subfield code="2">rero</subfield>
         </datafield>
         <datafield tag="650" ind1=" " ind2="7">
            <subfield code="a">Droit fiscal (droit international)</subfield>
            <subfield code="0">(RERO)A021015869</subfield>
            <subfield code="2">rero</subfield>
         </datafield>
         <datafield tag="650" ind1=" " ind2="7">
            <subfield code="a">droit fiscal international</subfield>
            <subfield code="v">dictionnaire</subfield>
            <subfield code="2">chrero</subfield>
         </datafield>
         <datafield tag="650" ind1=" " ind2="7">
            <subfield code="a">économie politique</subfield>
            <subfield code="v">dictionnaire</subfield>
            <subfield code="2">chrero</subfield>
         </datafield>
         <datafield tag="650" ind1=" " ind2="7">
            <subfield code="a">Internationales Steuerrecht</subfield>
            <subfield code="v">Wörterbuch</subfield>
            <subfield code="2">idsbb</subfield>
         </datafield>
         <datafield tag="650" ind1=" " ind2="7">
            <subfield code="a">Steuerrecht</subfield>
            <subfield code="x">Rechtsvergleichung</subfield>
            <subfield code="v">Wörterbuch</subfield>
            <subfield code="2">idsbb</subfield>
         </datafield>
         <datafield tag="650" ind1=" " ind2="7">
            <subfield code="a">Englisch</subfield>
            <subfield code="0">(DE-588)4014777-0</subfield>
            <subfield code="2">gnd</subfield>
         </datafield>
         <datafield tag="650" ind1=" " ind2="7">
            <subfield code="a">Internationales Steuerrecht</subfield>
            <subfield code="0">(DE-588)4027451-2</subfield>
            <subfield code="2">gnd</subfield>
         </datafield>
         <datafield tag="650" ind1=" " ind2="7">
            <subfield code="a">Steuer</subfield>
            <subfield code="0">(DE-588)4057399-0</subfield>
            <subfield code="2">gnd</subfield>
         </datafield>
         <datafield tag="655" ind1=" " ind2="7">
            <subfield code="a">dictionnaire</subfield>
            <subfield code="2">rerovoc</subfield>
         </datafield>
         <datafield tag="655" ind1=" " ind2="7">
            <subfield code="a">Wörterbuch</subfield>
            <subfield code="2">gnd-content</subfield>
         </datafield>
         <datafield tag="700" ind1="1" ind2=" ">
            <subfield code="a">Lyons</subfield>
            <subfield code="D">Susan M.</subfield>
            <subfield code="0">(RERO)A003538845</subfield>
         </datafield>
         <datafield tag="710" ind1="2" ind2=" ">
            <subfield code="a">Bureau international de documentation fiscale</subfield>
            <subfield code="0">(RERO)A000024182</subfield>
         </datafield>
         <datafield tag="898" ind1=" " ind2=" ">
            <subfield code="a">BK020000</subfield>
            <subfield code="b">XK020000</subfield>
            <subfield code="c">XK020000</subfield>
         </datafield>
         <datafield tag="912" ind1=" " ind2="7">
            <subfield code="a">rw</subfield>
            <subfield code="2">SzZuIDS BS/BE</subfield>
         </datafield>
         
         
         
         <datafield tag="950" ind1=" " ind2=" ">
            <subfield code="B">RERO</subfield>
            <subfield code="P">700</subfield>
            <subfield code="E">1-</subfield>
            <subfield code="a">Lyons</subfield>
            <subfield code="D">Susan M.</subfield>
            <subfield code="0">(RERO)A003538845</subfield>
         </datafield>
         <datafield tag="950" ind1=" " ind2=" ">
            <subfield code="B">RERO</subfield>
            <subfield code="P">710</subfield>
            <subfield code="E">2-</subfield>
            <subfield code="a">Bureau international de documentation fiscale</subfield>
            <subfield code="0">(RERO)A000024182</subfield>
         </datafield>
         <datafield tag="950" ind1=" " ind2=" ">
            <subfield code="B">VAUD</subfield>
            <subfield code="P">700</subfield>
            <subfield code="E">1-</subfield>
            <subfield code="a">Lyons</subfield>
            <subfield code="D">Susan M.</subfield>
         </datafield>
         <datafield tag="950" ind1=" " ind2=" ">
            <subfield code="B">VAUD</subfield>
            <subfield code="P">710</subfield>
            <subfield code="E">2-</subfield>
            <subfield code="a">Bureau international de documentation fiscale</subfield>
         </datafield>
         <datafield tag="950" ind1=" " ind2=" ">
            <subfield code="B">IDSBB</subfield>
            <subfield code="P">700</subfield>
            <subfield code="E">1-</subfield>
            <subfield code="a">Lyons</subfield>
            <subfield code="D">Susan M.</subfield>
         </datafield>
         <datafield tag="986" ind1=" " ind2=" ">
            <subfield code="a">SWISSBIB</subfield>
            <subfield code="b">209125527</subfield>
         </datafield>
      <datafield tag="690" ind1="H" ind2="D">
	    	<subfield code="8">JA</subfield>
	    	<subfield code="a">Allgemeine Steuerrechtsliteratur : Allgemeines, Lehrbücher</subfield>
	    	<subfield code="2">HSG-IFF</subfield>
	    </datafield><datafield tag="690" ind1="H" ind2="D">
    		<subfield code="8">0</subfield>
    		<subfield code="a"/>
    		<subfield code="2">HSG-IFF</subfield>
    	</datafield><datafield tag="690" ind1="H" ind2="D">
    		<subfield code="8">0</subfield>
    		<subfield code="a"/>
    		<subfield code="2">HSG-IFF</subfield>
    	</datafield></record>