<record xmlns:xs="http://www.w3.org/2001/XMLSchema">
         <leader>     cam a22     1  4500</leader>
         <controlfield tag="001">258812516</controlfield>
         <controlfield tag="003">CHVBK</controlfield>
         <controlfield tag="005">20181116221021.0</controlfield>
         <controlfield tag="008">130816s1991    sz            00    eng d</controlfield>
         <datafield tag="035" ind1=" " ind2=" ">
            <subfield code="a">(SNL)991003350319703976</subfield>
         </datafield>
         <datafield tag="035" ind1=" " ind2=" ">
            <subfield code="a">(NEBIS)001018706</subfield>
         </datafield>
         <datafield tag="035" ind1=" " ind2=" ">
            <subfield code="a">(Sz)102605-41snl_51</subfield>
         </datafield>
         <datafield tag="035" ind1=" " ind2=" ">
            <subfield code="a">(Sz)vtls000102605</subfield>
         </datafield>
         <datafield tag="035" ind1=" " ind2=" ">
            <subfield code="a">(Sz)000102605</subfield>
         </datafield>
         <datafield tag="040" ind1=" " ind2=" ">
            <subfield code="a">Sz</subfield>
            <subfield code="c">SAZ</subfield>
         <subfield code="d">SzZuIDS HSG</subfield></datafield>
         <datafield tag="082" ind1="0" ind2="4">
            <subfield code="a">332.6</subfield>
         </datafield>
         <datafield tag="082" ind1="0" ind2="4">
            <subfield code="a">332.632</subfield>
            <subfield code="2">20</subfield>
         </datafield>
         <datafield tag="082" ind1="0" ind2="4">
            <subfield code="a">332.642</subfield>
            <subfield code="2">20</subfield>
         </datafield>
         <datafield tag="082" ind1="0" ind2="4">
            <subfield code="a">332.632 ISSA</subfield>
         </datafield>
         <datafield tag="110" ind1="2" ind2=" ">
            <subfield code="a">International Society of Securities Administrators</subfield>
            <subfield code="0">(DE-588)4262448-4</subfield>
         </datafield>
         <datafield tag="245" ind1="1" ind2="0">
            <subfield code="a">ISSA handbook</subfield>
            <subfield code="c">International Society of Securities Administrators</subfield>
         </datafield>
         <datafield tag="250" ind1=" " ind2=" ">
            <subfield code="a">Status as per June 1991 = 4th ed.</subfield>
         </datafield>
         <datafield tag="260" ind1=" " ind2=" ">
            <subfield code="a">Zurich (Union Bank of Switzerland)</subfield>
            <subfield code="b">ISSA Secretariat</subfield>
            <subfield code="c">1991.</subfield>
         </datafield>
         <datafield tag="300" ind1=" " ind2=" ">
            <subfield code="a">2 Bde. (getr. Zählungen)</subfield>
            <subfield code="c">23 cm.</subfield>
         </datafield>
         <datafield tag="500" ind1=" " ind2=" ">
            <subfield code="a">Ordner</subfield>
         </datafield>
         <datafield tag="650" ind1=" " ind2="7">
            <subfield code="a">Internationaler Vergleich</subfield>
            <subfield code="2">idszbz</subfield>
         </datafield>
         <datafield tag="650" ind1=" " ind2="7">
            <subfield code="a">Wertpapier</subfield>
            <subfield code="2">idszbz</subfield>
         </datafield>
         <datafield tag="650" ind1=" " ind2="7">
            <subfield code="a">Wertpapier</subfield>
            <subfield code="0">(DE-588)4065674-3</subfield>
            <subfield code="2">gnd</subfield>
         </datafield>
         <datafield tag="650" ind1=" " ind2="7">
            <subfield code="a">Wertpapierrecht</subfield>
            <subfield code="0">(DE-588)4065682-2</subfield>
            <subfield code="2">gnd</subfield>
         </datafield>
         <datafield tag="650" ind1=" " ind2="0">
            <subfield code="a">Investments</subfield>
            <subfield code="v">Handbooks, manuals, etc</subfield>
         </datafield>
         <datafield tag="650" ind1=" " ind2="0">
            <subfield code="a">Securities</subfield>
            <subfield code="v">Handbooks, manuals, etc</subfield>
         </datafield>
         <datafield tag="650" ind1=" " ind2="0">
            <subfield code="a">Securities</subfield>
            <subfield code="x">Handbooks, manuals, etc</subfield>
         </datafield>
         <datafield tag="691" ind1=" " ind2="7">
            <subfield code="a">336.717</subfield>
            <subfield code="2">snl local</subfield>
         </datafield>
         <datafield tag="691" ind1=" " ind2="7">
            <subfield code="a">sb</subfield>
            <subfield code="b">1992/03</subfield>
            <subfield code="c">05.2</subfield>
            <subfield code="2">snl-sb</subfield>
         </datafield>
         <datafield tag="909" ind1=" " ind2="7">
            <subfield code="a">ZH</subfield>
            <subfield code="2">idszbz Z1</subfield>
         </datafield>
         <datafield tag="909" ind1=" " ind2="7">
            <subfield code="a">rwimon201106l</subfield>
            <subfield code="c">biss</subfield>
            <subfield code="2">idszbz Z2</subfield>
         </datafield>
         <datafield tag="912" ind1=" " ind2="7">
            <subfield code="a">M175</subfield>
            <subfield code="2">Z01</subfield>
         </datafield>
         <datafield tag="950" ind1=" " ind2=" ">
            <subfield code="B">SNL</subfield>
            <subfield code="P">110</subfield>
            <subfield code="E">2-</subfield>
            <subfield code="a">International Society of Securities Administrators</subfield>
            <subfield code="0">(DE-588)4262448-4</subfield>
         </datafield>
         <datafield tag="950" ind1=" " ind2=" ">
            <subfield code="B">SNL</subfield>
            <subfield code="P">710</subfield>
            <subfield code="E">2-</subfield>
            <subfield code="a">International Society of Securities Administrators</subfield>
            <subfield code="0">(DE-588)4262448-4</subfield>
         </datafield>
         <datafield tag="950" ind1=" " ind2=" ">
            <subfield code="B">NEBIS</subfield>
            <subfield code="P">710</subfield>
            <subfield code="E">2-</subfield>
            <subfield code="a">International Society of Securities Administrators</subfield>
            <subfield code="0">(DE-588)4262448-4</subfield>
         </datafield>
         <datafield tag="898" ind1=" " ind2=" ">
            <subfield code="a">BK020000</subfield>
            <subfield code="b">XK020000</subfield>
            <subfield code="c">XK020000</subfield>
         </datafield>
         
         
         
      <datafield tag="690" ind1="H" ind2="D">
	    	<subfield code="8">PH</subfield>
	    	<subfield code="a">Einkommen- und Vermögensteuern, Ertrag- und Kapitalsteuern : Ausserordentliches Einkommen</subfield>
	    	<subfield code="2">HSG-IFF</subfield>
	    </datafield><datafield tag="690" ind1="H" ind2="D">
    		<subfield code="8">0</subfield>
    		<subfield code="a"/>
    		<subfield code="2">HSG-IFF</subfield>
    	</datafield><datafield tag="690" ind1="H" ind2="D">
    		<subfield code="8">0</subfield>
    		<subfield code="a"/>
    		<subfield code="2">HSG-IFF</subfield>
    	</datafield></record>