<record xmlns:xs="http://www.w3.org/2001/XMLSchema">
         <leader>     cam a22     u  4500</leader>
         <controlfield tag="001">128959622</controlfield>
         <controlfield tag="003">CHVBK</controlfield>
         <controlfield tag="005">20161123042516.0</controlfield>
         <controlfield tag="008">880212s1980    gw     |      00   |ger|d</controlfield>
         <datafield tag="020" ind1=" " ind2=" ">
            <subfield code="a">3-8005-6254-5</subfield>
         </datafield>
         <datafield tag="035" ind1=" " ind2=" ">
            <subfield code="a">(OCoLC)888836176</subfield>
         </datafield>
         <datafield tag="035" ind1=" " ind2=" ">
            <subfield code="a">(NEBIS)000279217</subfield>
         </datafield>
         <datafield tag="040" ind1=" " ind2=" ">
            <subfield code="a">ETH-BIB</subfield>
            <subfield code="b">ger</subfield>
            <subfield code="c">ETH-BIB</subfield>
            <subfield code="e">ETHICS-ISBD</subfield>
         <subfield code="d">SzZuIDS HSG</subfield></datafield>
         <datafield tag="245" ind1="0" ind2="4">
            <subfield code="a">Die Betriebsaufspaltung nach Handels- und Steuerrecht</subfield>
            <subfield code="c">Gerhard Brandmüller</subfield>
         </datafield>
         <datafield tag="250" ind1=" " ind2=" ">
            <subfield code="a">4., neubearb. und erw. Aufl</subfield>
         </datafield>
         <datafield tag="260" ind1=" " ind2=" ">
            <subfield code="a">Heidelberg</subfield>
            <subfield code="b">Verlagsgesellschaft Recht und Wirtschaft</subfield>
            <subfield code="c">1980</subfield>
         </datafield>
         <datafield tag="300" ind1=" " ind2=" ">
            <subfield code="a">213 S.</subfield>
            <subfield code="c">20 cm</subfield>
         </datafield>
         <datafield tag="490" ind1="0" ind2=" ">
            <subfield code="a">Schriften des Betriebs-Beraters</subfield>
            <subfield code="v">Heft 47</subfield>
            <subfield code="i">47</subfield>
            <subfield code="w">(NEBIS)001004369</subfield>
            <subfield code="9">270028102</subfield>
         </datafield>
         <datafield tag="691" ind1=" " ind2="7">
            <subfield code="B">u</subfield>
            <subfield code="a">FUSIONSGESETZ (GESELLSCHAFTSRECHT)</subfield>
            <subfield code="z">ger</subfield>
            <subfield code="u">347.72.047</subfield>
            <subfield code="2">nebis E1</subfield>
         </datafield>
         <datafield tag="691" ind1=" " ind2="7">
            <subfield code="B">u</subfield>
            <subfield code="a">STEUERRECHT + FISKALRECHT (SPEZIELLE RECHTSZWEIGE)</subfield>
            <subfield code="z">ger</subfield>
            <subfield code="u">349.12</subfield>
            <subfield code="2">nebis E1</subfield>
         </datafield>
         <datafield tag="691" ind1=" " ind2="7">
            <subfield code="B">u</subfield>
            <subfield code="a">BUNDESREPUBLIK DEUTSCHLAND (1945-1990)</subfield>
            <subfield code="z">ger</subfield>
            <subfield code="u">(430.1)</subfield>
            <subfield code="2">nebis E1</subfield>
         </datafield>
         <datafield tag="691" ind1=" " ind2="7">
            <subfield code="B">u</subfield>
            <subfield code="a">MERGERS AND ACQUISITIONS LAW (CORPORATE LAW)</subfield>
            <subfield code="z">eng</subfield>
            <subfield code="u">347.72.047</subfield>
            <subfield code="2">nebis E1</subfield>
         </datafield>
         <datafield tag="691" ind1=" " ind2="7">
            <subfield code="B">u</subfield>
            <subfield code="a">DROIT DES FUSIONS ÉT DES ACQUISITIONS (DROIT DES SOCIÉTÉS)</subfield>
            <subfield code="z">fre</subfield>
            <subfield code="u">347.72.047</subfield>
            <subfield code="2">nebis E1</subfield>
         </datafield>
         <datafield tag="691" ind1=" " ind2="7">
            <subfield code="B">u</subfield>
            <subfield code="a">TAX LAW + FISCAL LAW (SPECIAL LAW BRANCHES)</subfield>
            <subfield code="z">eng</subfield>
            <subfield code="u">349.12</subfield>
            <subfield code="2">nebis E1</subfield>
         </datafield>
         <datafield tag="691" ind1=" " ind2="7">
            <subfield code="B">u</subfield>
            <subfield code="a">DROIT D'IMPÔT + DROIT FISCAL (BRANCHES SPÉCIALES DU DROIT)</subfield>
            <subfield code="z">fre</subfield>
            <subfield code="u">349.12</subfield>
            <subfield code="2">nebis E1</subfield>
         </datafield>
         <datafield tag="691" ind1=" " ind2="7">
            <subfield code="B">u</subfield>
            <subfield code="a">RÉPUBLIQUE FÉDÉRALE D'ALLEMAGNE (1945-1990)</subfield>
            <subfield code="z">fre</subfield>
            <subfield code="u">(430.1)</subfield>
            <subfield code="2">nebis E1</subfield>
         </datafield>
         <datafield tag="691" ind1=" " ind2="7">
            <subfield code="B">u</subfield>
            <subfield code="a">FEDERAL REPUBLIC OF GERMANY (1945-1990)</subfield>
            <subfield code="z">eng</subfield>
            <subfield code="u">(430.1)</subfield>
            <subfield code="2">nebis E1</subfield>
         </datafield>
         <datafield tag="700" ind1="1" ind2=" ">
            <subfield code="a">Brandmüller</subfield>
            <subfield code="D">Gerhard</subfield>
         </datafield>
         <datafield tag="912" ind1=" " ind2="7">
            <subfield code="a">170</subfield>
            <subfield code="2">E01</subfield>
         </datafield>
         <datafield tag="950" ind1=" " ind2=" ">
            <subfield code="B">NEBIS</subfield>
            <subfield code="P">490</subfield>
            <subfield code="E">--</subfield>
            <subfield code="a">Schriften des Betriebs-Beraters</subfield>
            <subfield code="v">Heft 47</subfield>
            <subfield code="i">47</subfield>
            <subfield code="w">(NEBIS)001004369</subfield>
            <subfield code="9">270028102</subfield>
         </datafield>
         <datafield tag="950" ind1=" " ind2=" ">
            <subfield code="B">NEBIS</subfield>
            <subfield code="P">700</subfield>
            <subfield code="E">1-</subfield>
            <subfield code="a">Brandmüller</subfield>
            <subfield code="D">Gerhard</subfield>
         </datafield>
         <datafield tag="986" ind1=" " ind2=" ">
            <subfield code="a">SWISSBIB</subfield>
            <subfield code="b">128959622</subfield>
         </datafield>
         <datafield tag="898" ind1=" " ind2=" ">
            <subfield code="a">BK020000</subfield>
            <subfield code="b">XK020000</subfield>
            <subfield code="c">XK020000</subfield>
         </datafield>
         
      <datafield tag="690" ind1="H" ind2="D">
	    	<subfield code="8">PE</subfield>
	    	<subfield code="a">Einkommen- und Vermögensteuern, Ertrag- und Kapitalsteuern : Einkommen Selbständigerwerbender, Unternehmungsbesteuerung</subfield>
	    	<subfield code="2">HSG-IFF</subfield>
	    </datafield><datafield tag="690" ind1="H" ind2="D">
    		<subfield code="8">0</subfield>
    		<subfield code="a"/>
    		<subfield code="2">HSG-IFF</subfield>
    	</datafield><datafield tag="690" ind1="H" ind2="D">
    		<subfield code="8">0</subfield>
    		<subfield code="a"/>
    		<subfield code="2">HSG-IFF</subfield>
    	</datafield></record>