<record xmlns:xs="http://www.w3.org/2001/XMLSchema">
         <leader>     cam a22     u  4500</leader>
         <controlfield tag="001">273671340</controlfield>
         <controlfield tag="003">CHVBK</controlfield>
         <controlfield tag="005">20190327170900.0</controlfield>
         <controlfield tag="008">130818s1987    gw       m    00    ger d</controlfield>
         <datafield tag="019" ind1=" " ind2=" ">
            <subfield code="a">Lornsen, Birgitt, geb. 1954</subfield>
         </datafield>
         <datafield tag="020" ind1=" " ind2=" ">
            <subfield code="a">3-8204-8670-4</subfield>
         </datafield>
         <datafield tag="035" ind1=" " ind2=" ">
            <subfield code="a">(IDSBB)000344789</subfield>
         </datafield>
         <datafield tag="035" ind1=" " ind2=" ">
            <subfield code="a">(NEBIS)001420609</subfield>
         </datafield>
         <datafield tag="035" ind1=" " ind2=" ">
            <subfield code="a">(SNL)991008085549703976</subfield>
         </datafield>
         <datafield tag="035" ind1=" " ind2=" ">
            <subfield code="a">(RERO)1026511</subfield>
         </datafield>
         <datafield tag="035" ind1=" " ind2=" ">
            <subfield code="a">(IDSSG)000998218</subfield>
         </datafield>
         <datafield tag="035" ind1=" " ind2=" ">
            <subfield code="a">(Sz)927715-41snl_51</subfield>
         </datafield>
         <datafield tag="035" ind1=" " ind2=" ">
            <subfield code="a">(Sz)vtls000927715</subfield>
         </datafield>
         <datafield tag="035" ind1=" " ind2=" ">
            <subfield code="a">(Sz)000927715</subfield>
         </datafield>
         <datafield tag="040" ind1=" " ind2=" ">
            <subfield code="a">SzZuIDS BS/BE A100</subfield>
            <subfield code="b">ger</subfield>
            <subfield code="e">kids</subfield>
         <subfield code="d">SzZuIDS HSG</subfield></datafield>
         <datafield tag="044" ind1=" " ind2=" ">
            <subfield code="a">gw</subfield>
            <subfield code="a">sz</subfield>
         </datafield>
         <datafield tag="072" ind1=" " ind2="7">
            <subfield code="a">s1dr</subfield>
            <subfield code="2">rero</subfield>
         </datafield>
         <datafield tag="082" ind1="1" ind2=" ">
            <subfield code="a">340</subfield>
            <subfield code="2">15</subfield>
         </datafield>
         <datafield tag="082" ind1="0" ind2="4">
            <subfield code="a">341.4840943</subfield>
            <subfield code="b">L875u</subfield>
            <subfield code="2">19</subfield>
         </datafield>
         <datafield tag="084" ind1=" " ind2=" ">
            <subfield code="a">PP 5545</subfield>
            <subfield code="2">rvk</subfield>
         </datafield>
         <datafield tag="084" ind1=" " ind2=" ">
            <subfield code="a">QL 530</subfield>
            <subfield code="2">rvk</subfield>
         </datafield>
         <datafield tag="100" ind1="1" ind2=" ">
            <subfield code="a">Lornsen</subfield>
            <subfield code="D">Birgitt</subfield>
         </datafield>
         <datafield tag="245" ind1="1" ind2="0">
            <subfield code="a">Unilaterale Massnahmen der Bundesrepublik Deutschland zur Ausschaltung der internationalen Doppelbesteuerung bei der Einkommen- und Körperschaftsteuer</subfield>
            <subfield code="c">Birgitt Lornsen</subfield>
         </datafield>
         <datafield tag="246" ind1="1" ind2=" ">
            <subfield code="a">Unilaterale Massnahmen zur Ausschaltung int. Doppelbesteuerung</subfield>
         </datafield>
         <datafield tag="264" ind1=" " ind2="1">
            <subfield code="a">Frankfurt am Main</subfield>
            <subfield code="a">Bern</subfield>
            <subfield code="b">Peter Lang</subfield>
            <subfield code="c">1987</subfield>
         </datafield>
         <datafield tag="300" ind1=" " ind2=" ">
            <subfield code="a">XIX, 375 S.</subfield>
            <subfield code="c">21 cm.</subfield>
         </datafield>
         <datafield tag="490" ind1="1" ind2=" ">
            <subfield code="a">Europäische Hochschulschriften. Reihe 5, Volks- und Betriebswirtschaft</subfield>
            <subfield code="v">Bd. 814</subfield>
            <subfield code="i">814</subfield>
            <subfield code="w">(IDSBB)000104751</subfield>
            <subfield code="9">27653784X</subfield>
         </datafield>
         <datafield tag="500" ind1=" " ind2=" ">
            <subfield code="a">Rückentitel: Unilaterale Massnahmen zur Ausschaltung int. Doppelbesteuerung</subfield>
         </datafield>
         <datafield tag="502" ind1=" " ind2=" ">
            <subfield code="a">Zugl.: Diss. Fachbereich Wirtschaftswiss. FU Berlin, 1986</subfield>
         </datafield>
         <datafield tag="504" ind1=" " ind2=" ">
            <subfield code="a">Literaturverz.</subfield>
         </datafield>
         <datafield tag="583" ind1=" " ind2=" ">
            <subfield code="8">1900850859</subfield>
            <subfield code="a">dea</subfield>
            <subfield code="i">ps</subfield>
            <subfield code="c">NB076-2007</subfield>
            <subfield code="l">nt</subfield>
         </datafield>
         <datafield tag="650" ind1=" " ind2="7">
            <subfield code="a">Internationale Doppelbesteuerung</subfield>
            <subfield code="z">Deutschland (BRD)</subfield>
            <subfield code="2">idsbb</subfield>
         </datafield>
         <datafield tag="650" ind1=" " ind2="7">
            <subfield code="a">Abwehr</subfield>
            <subfield code="0">(DE-588)4141194-8</subfield>
            <subfield code="2">gnd</subfield>
         </datafield>
         <datafield tag="650" ind1=" " ind2="7">
            <subfield code="a">Doppelbesteuerungsabkommen</subfield>
            <subfield code="0">(DE-588)4070544-4</subfield>
            <subfield code="2">gnd</subfield>
         </datafield>
         <datafield tag="650" ind1=" " ind2="7">
            <subfield code="a">Einkommensteuer</subfield>
            <subfield code="0">(DE-588)4013895-1</subfield>
            <subfield code="2">gnd</subfield>
         </datafield>
         <datafield tag="650" ind1=" " ind2="7">
            <subfield code="a">Körperschaftsteuer</subfield>
            <subfield code="0">(DE-588)4031597-6</subfield>
            <subfield code="2">gnd</subfield>
         </datafield>
         <datafield tag="650" ind1=" " ind2="7">
            <subfield code="a">Steuerpolitik</subfield>
            <subfield code="0">(DE-588)4057447-7</subfield>
            <subfield code="2">gnd</subfield>
         </datafield>
         <datafield tag="650" ind1=" " ind2="7">
            <subfield code="a">Doppelbesteuerung</subfield>
            <subfield code="0">(DE-588)4012744-8</subfield>
            <subfield code="2">gnd</subfield>
         </datafield>
         <datafield tag="650" ind1=" " ind2="7">
            <subfield code="a">Einkommensteuerrecht</subfield>
            <subfield code="0">(DE-588)4070699-0</subfield>
            <subfield code="2">gnd</subfield>
         </datafield>
         <datafield tag="650" ind1=" " ind2="7">
            <subfield code="a">Körperschaftsteuerrecht</subfield>
            <subfield code="0">(DE-588)4114247-0</subfield>
            <subfield code="2">gnd</subfield>
         </datafield>
         <datafield tag="650" ind1=" " ind2="0">
            <subfield code="a">Double taxation</subfield>
            <subfield code="z">Germany (West)</subfield>
         </datafield>
         <datafield tag="650" ind1=" " ind2="0">
            <subfield code="a">Income tax</subfield>
            <subfield code="x">Law and legislation</subfield>
            <subfield code="z">Germany (West)</subfield>
         </datafield>
         <datafield tag="650" ind1=" " ind2="7">
            <subfield code="a">double imposition internationale</subfield>
            <subfield code="0">(RERO)A009984260</subfield>
            <subfield code="2">rerovoc</subfield>
         </datafield>
         <datafield tag="650" ind1=" " ind2="7">
            <subfield code="a">impôt direct</subfield>
            <subfield code="0">(RERO)A010098298</subfield>
            <subfield code="2">rerovoc</subfield>
         </datafield>
         <datafield tag="651" ind1=" " ind2="7">
            <subfield code="a">Deutschland (Bundesrepublik)</subfield>
            <subfield code="0">(DE-588)4011889-7</subfield>
            <subfield code="2">gnd</subfield>
         </datafield>
         <datafield tag="651" ind1=" " ind2="7">
            <subfield code="a">Allemagne fédérale</subfield>
            <subfield code="0">(RERO)A009955866</subfield>
            <subfield code="2">rero</subfield>
         </datafield>
         <datafield tag="655" ind1=" " ind2="7">
            <subfield code="a">Hochschulschrift</subfield>
            <subfield code="2">gnd-content</subfield>
         </datafield>
         <datafield tag="690" ind1=" " ind2="7">
            <subfield code="B">u</subfield>
            <subfield code="u">LD</subfield>
            <subfield code="a">Interkantonales/Internationales Steuerrecht : Deutschland</subfield>
            <subfield code="2">idssg HD</subfield>
         </datafield>
         <datafield tag="691" ind1=" " ind2="7">
            <subfield code="2">rero dr-sys</subfield>
            <subfield code="u">CA/D 54 h</subfield>
         </datafield>
         <datafield tag="830" ind1=" " ind2="0">
            <subfield code="a">Europäische Hochschulschriften</subfield>
            <subfield code="n">Reihe 05</subfield>
            <subfield code="p">Volks- und Betriebswirtschaft</subfield>
            <subfield code="v">814</subfield>
         </datafield>
         <datafield tag="898" ind1=" " ind2=" ">
            <subfield code="a">BK020300</subfield>
            <subfield code="b">XK020000</subfield>
            <subfield code="c">XK020000</subfield>
         </datafield>
         <datafield tag="898" ind1=" " ind2=" ">
            <subfield code="a">BK020000</subfield>
            <subfield code="b">XK020000</subfield>
            <subfield code="c">XK020000</subfield>
         </datafield>
         <datafield tag="908" ind1=" " ind2=" ">
            <subfield code="D">1</subfield>
            <subfield code="a">Hochschulschrift = Thèse/Mémoire</subfield>
         </datafield>
         <datafield tag="912" ind1=" " ind2="7">
            <subfield code="a">rm</subfield>
            <subfield code="2">SzZuIDS BS/BE</subfield>
         </datafield>
         
         
         
         
         
         <datafield tag="950" ind1=" " ind2=" ">
            <subfield code="B">IDSBB</subfield>
            <subfield code="P">100</subfield>
            <subfield code="E">1-</subfield>
            <subfield code="a">Lornsen</subfield>
            <subfield code="D">Birgitt</subfield>
         </datafield>
         <datafield tag="950" ind1=" " ind2=" ">
            <subfield code="B">IDSBB</subfield>
            <subfield code="P">490</subfield>
            <subfield code="E">0-</subfield>
            <subfield code="a">Europäische Hochschulschriften. Reihe 5, Volks- und Betriebswirtschaft</subfield>
            <subfield code="v">Bd. 814</subfield>
            <subfield code="i">814</subfield>
            <subfield code="w">(IDSBB)000104751</subfield>
            <subfield code="9">27653784X</subfield>
         </datafield>
         <datafield tag="950" ind1=" " ind2=" ">
            <subfield code="B">NEBIS</subfield>
            <subfield code="P">100</subfield>
            <subfield code="E">1-</subfield>
            <subfield code="a">Lornsen</subfield>
            <subfield code="D">Birgitt</subfield>
         </datafield>
         <datafield tag="950" ind1=" " ind2=" ">
            <subfield code="B">NEBIS</subfield>
            <subfield code="P">490</subfield>
            <subfield code="E">--</subfield>
            <subfield code="a">Europäische Hochschulschriften. Reihe 5, Volks- und Betriebswirtschaft</subfield>
            <subfield code="v">Bd. 814</subfield>
            <subfield code="i">814</subfield>
            <subfield code="w">(NEBIS)000058244</subfield>
            <subfield code="9">512125953</subfield>
         </datafield>
         <datafield tag="950" ind1=" " ind2=" ">
            <subfield code="B">SNL</subfield>
            <subfield code="P">100</subfield>
            <subfield code="E">1-</subfield>
            <subfield code="a">Lornsen</subfield>
            <subfield code="D">Birgitt</subfield>
         </datafield>
         <datafield tag="950" ind1=" " ind2=" ">
            <subfield code="B">SNL</subfield>
            <subfield code="P">490</subfield>
            <subfield code="E">1-</subfield>
            <subfield code="a">Europäische Hochschulschriften. Reihe 05, Volks- und Betriebswirtschaft</subfield>
            <subfield code="x">0531-7339</subfield>
            <subfield code="v">814</subfield>
         </datafield>
         <datafield tag="950" ind1=" " ind2=" ">
            <subfield code="B">SNL</subfield>
            <subfield code="P">730</subfield>
            <subfield code="E">--</subfield>
            <subfield code="a">Volks- und Betriebswirtschaft</subfield>
         </datafield>
         <datafield tag="950" ind1=" " ind2=" ">
            <subfield code="B">SNL</subfield>
            <subfield code="P">830</subfield>
            <subfield code="E">--</subfield>
            <subfield code="a">Europäische Hochschulschriften</subfield>
            <subfield code="n">Reihe 05</subfield>
            <subfield code="p">Volks- und Betriebswirtschaft</subfield>
            <subfield code="v">814</subfield>
         </datafield>
         <datafield tag="950" ind1=" " ind2=" ">
            <subfield code="B">RERO</subfield>
            <subfield code="P">100</subfield>
            <subfield code="E">1-</subfield>
            <subfield code="a">Lornsen</subfield>
            <subfield code="D">Birgitt</subfield>
            <subfield code="0">(RERO)A003531527</subfield>
            <subfield code="4">cre</subfield>
         </datafield>
         <datafield tag="950" ind1=" " ind2=" ">
            <subfield code="B">RERO</subfield>
            <subfield code="P">490</subfield>
            <subfield code="E">1-</subfield>
            <subfield code="a">Europäische Hochschulschriften. Reihe 5, Volks- und Betriebswirtschaft</subfield>
            <subfield code="v">Bd. 814</subfield>
         </datafield>
         <datafield tag="950" ind1=" " ind2=" ">
            <subfield code="B">RERO</subfield>
            <subfield code="P">830</subfield>
            <subfield code="E">--</subfield>
            <subfield code="a">Europäische Hochschulschriften</subfield>
            <subfield code="p">Reihe 5, Volks- und Betriebswirtschaft = Publications universitaires européennes. Série 5, Sciences économiques et politiques = European university papers. Series 5, Economics</subfield>
            <subfield code="v">814</subfield>
         </datafield>
         <datafield tag="950" ind1=" " ind2=" ">
            <subfield code="B">IDSSG</subfield>
            <subfield code="P">100</subfield>
            <subfield code="E">1-</subfield>
            <subfield code="a">Lornsen</subfield>
            <subfield code="D">Birgitt</subfield>
            <subfield code="e">Verfasser</subfield>
            <subfield code="4">aut</subfield>
         </datafield>
      <datafield tag="690" ind1="H" ind2="D">
	    	<subfield code="8">LD</subfield>
	    	<subfield code="a">Interkantonales/Internationales Steuerrecht : Deutschland</subfield>
	    	<subfield code="2">HSG-IFF</subfield>
	    </datafield><datafield tag="690" ind1="H" ind2="D">
    		<subfield code="8">0</subfield>
    		<subfield code="a"/>
    		<subfield code="2">HSG-IFF</subfield>
    	</datafield><datafield tag="690" ind1="H" ind2="D">
    		<subfield code="8">0</subfield>
    		<subfield code="a"/>
    		<subfield code="2">HSG-IFF</subfield>
    	</datafield></record>