<record xmlns:xs="http://www.w3.org/2001/XMLSchema">
         <leader>     cas a22     4  4500</leader>
         <controlfield tag="001">152302298</controlfield>
         <controlfield tag="003">CHVBK</controlfield>
         <controlfield tag="005">20190327051813.0</controlfield>
         <controlfield tag="008">991026c19949999sz  | p       0    |ger  </controlfield>
         <datafield tag="035" ind1=" " ind2=" ">
            <subfield code="a">(OCoLC)637669174</subfield>
         </datafield>
         <datafield tag="035" ind1=" " ind2=" ">
            <subfield code="a">(NEBIS)003817248</subfield>
         </datafield>
         <datafield tag="040" ind1=" " ind2=" ">
            <subfield code="a">SzZuIDS NEBIS ZBZ</subfield>
         <subfield code="d">SzZuIDS HSG</subfield></datafield>
         <datafield tag="245" ind1="0" ind2="0">
            <subfield code="a">Grundsätzliche Entscheide des Steuergerichts des Kantons Solothurn</subfield>
            <subfield code="c">Kanton Solothurn</subfield>
         </datafield>
         <datafield tag="246" ind1="1" ind2="3">
            <subfield code="a">Grundsätzliche Entscheide des Steuergerichts / Kanton Solothurn</subfield>
         </datafield>
         <datafield tag="264" ind1=" " ind2="1">
            <subfield code="a">[Solothurn]</subfield>
            <subfield code="b">[Staatskanzlei]</subfield>
         </datafield>
         <datafield tag="310" ind1=" " ind2=" ">
            <subfield code="a">Jährlich</subfield>
         </datafield>
         <datafield tag="362" ind1="0" ind2=" ">
            <subfield code="a">1994-</subfield>
         </datafield>
         <datafield tag="650" ind1=" " ind2="7">
            <subfield code="a">Steuerrecht</subfield>
            <subfield code="2">idszbz</subfield>
         </datafield>
         <datafield tag="650" ind1=" " ind2="7">
            <subfield code="a">Verwaltungsrecht</subfield>
            <subfield code="0">(DE-588)4063351-2</subfield>
            <subfield code="2">gnd</subfield>
         </datafield>
         <datafield tag="651" ind1=" " ind2="7">
            <subfield code="a">Schweiz</subfield>
            <subfield code="2">idszbz</subfield>
         </datafield>
         <datafield tag="651" ind1=" " ind2="7">
            <subfield code="a">Solothurn (Kanton)</subfield>
            <subfield code="2">idszbz</subfield>
         </datafield>
         <datafield tag="651" ind1=" " ind2="7">
            <subfield code="a">Kanton Solothurn</subfield>
            <subfield code="0">(DE-588)4055459-4</subfield>
            <subfield code="2">gnd</subfield>
         </datafield>
         <datafield tag="655" ind1=" " ind2="7">
            <subfield code="a">Entscheidungssammlung</subfield>
            <subfield code="2">idszbz</subfield>
         </datafield>
         <datafield tag="655" ind1=" " ind2="7">
            <subfield code="a">Zeitschrift</subfield>
            <subfield code="2">idszbz</subfield>
         </datafield>
         <datafield tag="691" ind1=" " ind2="7">
            <subfield code="B">u</subfield>
            <subfield code="a">STEUERRECHT + FISKALRECHT (SPEZIELLE RECHTSZWEIGE)</subfield>
            <subfield code="z">ger</subfield>
            <subfield code="u">349.12</subfield>
            <subfield code="2">nebis E1</subfield>
         </datafield>
         <datafield tag="691" ind1=" " ind2="7">
            <subfield code="B">u</subfield>
            <subfield code="a">KANTON SOLOTHURN (SCHWEIZ)</subfield>
            <subfield code="z">ger</subfield>
            <subfield code="u">(494.32)</subfield>
            <subfield code="2">nebis E1</subfield>
         </datafield>
         <datafield tag="691" ind1=" " ind2="7">
            <subfield code="B">u</subfield>
            <subfield code="a">SCHWEIZ (MITTELEUROPA). SCHWEIZERISCHE EIDGENOSSENSCHAFT</subfield>
            <subfield code="z">ger</subfield>
            <subfield code="u">(494)</subfield>
            <subfield code="2">nebis E1</subfield>
         </datafield>
         <datafield tag="691" ind1=" " ind2="7">
            <subfield code="B">u</subfield>
            <subfield code="a">TAX LAW + FISCAL LAW (SPECIAL LAW BRANCHES)</subfield>
            <subfield code="z">eng</subfield>
            <subfield code="u">349.12</subfield>
            <subfield code="2">nebis E1</subfield>
         </datafield>
         <datafield tag="691" ind1=" " ind2="7">
            <subfield code="B">u</subfield>
            <subfield code="a">DROIT D'IMPÔT + DROIT FISCAL (BRANCHES SPÉCIALES DU DROIT)</subfield>
            <subfield code="z">fre</subfield>
            <subfield code="u">349.12</subfield>
            <subfield code="2">nebis E1</subfield>
         </datafield>
         <datafield tag="691" ind1=" " ind2="7">
            <subfield code="B">u</subfield>
            <subfield code="a">CANTON OF SOLOTHURN (SWITZERLAND)</subfield>
            <subfield code="z">eng</subfield>
            <subfield code="u">(494.32)</subfield>
            <subfield code="2">nebis E1</subfield>
         </datafield>
         <datafield tag="691" ind1=" " ind2="7">
            <subfield code="B">u</subfield>
            <subfield code="a">CANTON DE SOLEURE (SUISSE)</subfield>
            <subfield code="z">fre</subfield>
            <subfield code="u">(494.32)</subfield>
            <subfield code="2">nebis E1</subfield>
         </datafield>
         <datafield tag="691" ind1=" " ind2="7">
            <subfield code="B">u</subfield>
            <subfield code="a">SUISSE (EUROPE CENTRALE). CONFÉDÉRATION SUISSE</subfield>
            <subfield code="z">fre</subfield>
            <subfield code="u">(494)</subfield>
            <subfield code="2">nebis E1</subfield>
         </datafield>
         <datafield tag="691" ind1=" " ind2="7">
            <subfield code="B">u</subfield>
            <subfield code="a">SWITZERLAND (CENTRAL EUROPE). SWISS CONFEDERATION</subfield>
            <subfield code="z">eng</subfield>
            <subfield code="u">(494)</subfield>
            <subfield code="2">nebis E1</subfield>
         </datafield>
         <datafield tag="710" ind1="1" ind2=" ">
            <subfield code="a">Solothurn</subfield>
            <subfield code="g">Kanton</subfield>
            <subfield code="b">Steuergericht</subfield>
            <subfield code="0">(DE-588)108640050X</subfield>
         </datafield>
         <datafield tag="776" ind1="0" ind2="8">
            <subfield code="i">Online-Ausgabe</subfield>
            <subfield code="t">Grundsätzliche Entscheide des Steuergerichts - KSGE</subfield>
         </datafield>
         <datafield tag="780" ind1=" " ind2="0">
            <subfield code="t">Grundsätzliche Entscheide des Solothurnischen Kantonalen Steuergerichts aus dem Jahre ...</subfield>
            <subfield code="w">(NEBIS)000985805</subfield>
            <subfield code="9">134279530</subfield>
         </datafield>
         <datafield tag="852" ind1="4" ind2=" ">
            <subfield code="B">NEBIS</subfield>
            <subfield code="F">CHSBK</subfield>
            <subfield code="c">ZBKOL</subfield>
            <subfield code="j">UC 665</subfield>
            <subfield code="a">1994-</subfield>
         </datafield>
         <datafield tag="852" ind1="4" ind2=" ">
            <subfield code="B">NEBIS</subfield>
            <subfield code="F">Z16</subfield>
            <subfield code="c">Z1603</subfield>
            <subfield code="j">Zbb SO 3</subfield>
            <subfield code="a">1994-2015</subfield>
         </datafield>
         <datafield tag="898" ind1=" " ind2=" ">
            <subfield code="a">CR030000</subfield>
            <subfield code="b">XR030000</subfield>
            <subfield code="c">XR030000</subfield>
         </datafield>
         <datafield tag="909" ind1=" " ind2="7">
            <subfield code="a">zbzzss200002e</subfield>
            <subfield code="c">muew</subfield>
            <subfield code="2">idszbz Z2</subfield>
         </datafield>
         <datafield tag="909" ind1=" " ind2="7">
            <subfield code="a">rwizss200703l</subfield>
            <subfield code="c">biss</subfield>
            <subfield code="2">idszbz Z2</subfield>
         </datafield>
         <datafield tag="950" ind1=" " ind2=" ">
            <subfield code="B">NEBIS</subfield>
            <subfield code="P">710</subfield>
            <subfield code="E">1-</subfield>
            <subfield code="a">Solothurn</subfield>
            <subfield code="g">Kanton</subfield>
            <subfield code="b">Steuergericht</subfield>
            <subfield code="0">(DE-588)108640050X</subfield>
         </datafield>
         <datafield tag="950" ind1=" " ind2=" ">
            <subfield code="B">NEBIS</subfield>
            <subfield code="P">776</subfield>
            <subfield code="E">08</subfield>
            <subfield code="i">Online-Ausgabe</subfield>
            <subfield code="t">Grundsätzliche Entscheide des Steuergerichts - KSGE</subfield>
         </datafield>
         <datafield tag="950" ind1=" " ind2=" ">
            <subfield code="B">NEBIS</subfield>
            <subfield code="P">780</subfield>
            <subfield code="E">-0</subfield>
            <subfield code="t">Grundsätzliche Entscheide des Solothurnischen Kantonalen Steuergerichts aus dem Jahre</subfield>
            <subfield code="w">(NEBIS)000985805</subfield>
            <subfield code="9">134279530</subfield>
         </datafield>
      <datafield tag="690" ind1="H" ind2="D">
	    	<subfield code="8">HB</subfield>
	    	<subfield code="a">Schweizerische Steuer-Gesetzgebung und -Judikatur : Judikatur, Entscheidungssammlungen (Bund, einzelne Kantone)</subfield>
	    	<subfield code="2">HSG-IFF</subfield>
	    </datafield><datafield tag="690" ind1="H" ind2="D">
    		<subfield code="8">0</subfield>
    		<subfield code="a"/>
    		<subfield code="2">HSG-IFF</subfield>
    	</datafield><datafield tag="690" ind1="H" ind2="D">
    		<subfield code="8">0</subfield>
    		<subfield code="a"/>
    		<subfield code="2">HSG-IFF</subfield>
    	</datafield></record>