<record xmlns:xs="http://www.w3.org/2001/XMLSchema">
         <leader>     cam a22     4  4500</leader>
         <controlfield tag="001">082545278</controlfield>
         <controlfield tag="003">CHVBK</controlfield>
         <controlfield tag="005">20180927042344.0</controlfield>
         <controlfield tag="008">040820s1990    gw            00    ger  </controlfield>
         <datafield tag="035" ind1=" " ind2=" ">
            <subfield code="a">(OCoLC)75158290</subfield>
         </datafield>
         <datafield tag="035" ind1=" " ind2=" ">
            <subfield code="a">(IDSBB)003347315</subfield>
         </datafield>
         <datafield tag="040" ind1=" " ind2=" ">
            <subfield code="a">SzZuIDS BS/BE B463</subfield>
            <subfield code="e">kids</subfield>
         <subfield code="d">SzZuIDS HSG</subfield></datafield>
         <datafield tag="084" ind1=" " ind2=" ">
            <subfield code="a">QL 000</subfield>
            <subfield code="2">rvk</subfield>
         </datafield>
         <datafield tag="245" ind1="0" ind2="4">
            <subfield code="a">Die zunehmende Belastung der mittelständischen Unternehmen mit Erbschaftssteuer</subfield>
            <subfield code="b">Vorschläge zur Änderung des Erbschaftsteuergesetzes</subfield>
            <subfield code="c">[Bearb.:: Wolf-Dieter Amsler]</subfield>
         </datafield>
         <datafield tag="264" ind1=" " ind2="1">
            <subfield code="a">Bonn</subfield>
            <subfield code="b">Institut Finanzen und Steuern</subfield>
            <subfield code="c">1990</subfield>
         </datafield>
         <datafield tag="300" ind1=" " ind2=" ">
            <subfield code="a">34 S.</subfield>
         </datafield>
         <datafield tag="336" ind1=" " ind2=" ">
            <subfield code="a">Text</subfield>
            <subfield code="b">txt</subfield>
            <subfield code="2">rdacontent/ger</subfield>
         </datafield>
         <datafield tag="337" ind1=" " ind2=" ">
            <subfield code="a">ohne Hilfsmittel zu benutzen</subfield>
            <subfield code="b">n</subfield>
            <subfield code="2">rdamedia/ger</subfield>
         </datafield>
         <datafield tag="338" ind1=" " ind2=" ">
            <subfield code="a">Band</subfield>
            <subfield code="b">nc</subfield>
            <subfield code="2">rdacarrier/ger</subfield>
         </datafield>
         <datafield tag="490" ind1="0" ind2=" ">
            <subfield code="a">Grüner Brief / Institut für Finanzen und Steuern</subfield>
            <subfield code="v">Nr. 290</subfield>
            <subfield code="i">290</subfield>
            <subfield code="w">(IDSBB)003279821</subfield>
            <subfield code="9">107747359</subfield>
         </datafield>
         <datafield tag="650" ind1=" " ind2="7">
            <subfield code="a">Erbschaftsteuer</subfield>
            <subfield code="0">(DE-588)4015116-5</subfield>
            <subfield code="2">gnd</subfield>
         </datafield>
         <datafield tag="650" ind1=" " ind2="7">
            <subfield code="a">Klein- und Mittelbetrieb</subfield>
            <subfield code="0">(DE-588)4031031-0</subfield>
            <subfield code="2">gnd</subfield>
         </datafield>
         <datafield tag="650" ind1=" " ind2="7">
            <subfield code="a">Reform</subfield>
            <subfield code="0">(DE-588)4115716-3</subfield>
            <subfield code="2">gnd</subfield>
         </datafield>
         <datafield tag="700" ind1="1" ind2=" ">
            <subfield code="a">Amsler</subfield>
            <subfield code="D">Wolf-Dieter</subfield>
         </datafield>
         <datafield tag="950" ind1=" " ind2=" ">
            <subfield code="B">IDSBB</subfield>
            <subfield code="P">490</subfield>
            <subfield code="E">0-</subfield>
            <subfield code="a">Grüner Brief / Institut für Finanzen und Steuern</subfield>
            <subfield code="v">Nr. 290</subfield>
            <subfield code="i">290</subfield>
            <subfield code="w">(IDSBB)003279821</subfield>
            <subfield code="9">107747359</subfield>
         </datafield>
         <datafield tag="950" ind1=" " ind2=" ">
            <subfield code="B">IDSBB</subfield>
            <subfield code="P">700</subfield>
            <subfield code="E">1-</subfield>
            <subfield code="a">Amsler</subfield>
            <subfield code="D">Wolf-Dieter</subfield>
         </datafield>
         <datafield tag="986" ind1=" " ind2=" ">
            <subfield code="a">SWISSBIB</subfield>
            <subfield code="b">082545278</subfield>
         </datafield>
         <datafield tag="898" ind1=" " ind2=" ">
            <subfield code="a">BK020000</subfield>
            <subfield code="b">XK020000</subfield>
            <subfield code="c">XK020000</subfield>
         </datafield>
         
      <datafield tag="690" ind1="H" ind2="D">
	    	<subfield code="8">RB</subfield>
	    	<subfield code="a">Uebrige Steuern : Erbschaft- und Schenkungsteuer</subfield>
	    	<subfield code="2">HSG-IFF</subfield>
	    </datafield><datafield tag="690" ind1="H" ind2="D">
    		<subfield code="8">0</subfield>
    		<subfield code="a"/>
    		<subfield code="2">HSG-IFF</subfield>
    	</datafield><datafield tag="690" ind1="H" ind2="D">
    		<subfield code="8">0</subfield>
    		<subfield code="a"/>
    		<subfield code="2">HSG-IFF</subfield>
    	</datafield></record>