<record xmlns:xs="http://www.w3.org/2001/XMLSchema">
         <leader>     cam a22     u  4500</leader>
         <controlfield tag="001">271353724</controlfield>
         <controlfield tag="003">CHVBK</controlfield>
         <controlfield tag="005">20190312170953.0</controlfield>
         <controlfield tag="008">130817r19791979sz            00    ger d</controlfield>
         <datafield tag="020" ind1=" " ind2=" ">
            <subfield code="a">3-7255-1941-2</subfield>
         </datafield>
         <datafield tag="035" ind1=" " ind2=" ">
            <subfield code="a">(IDSBB)000634949</subfield>
         </datafield>
         <datafield tag="035" ind1=" " ind2=" ">
            <subfield code="a">(IDSLU)000419545</subfield>
         </datafield>
         <datafield tag="035" ind1=" " ind2=" ">
            <subfield code="a">(NEBIS)009094126</subfield>
         </datafield>
         <datafield tag="035" ind1=" " ind2=" ">
            <subfield code="a">(ABN)000285354</subfield>
         </datafield>
         <datafield tag="040" ind1=" " ind2=" ">
            <subfield code="a">SzZuIDS BS/BE B400</subfield>
            <subfield code="b">ger</subfield>
            <subfield code="e">kids</subfield>
         <subfield code="d">SzZuIDS HSG</subfield></datafield>
         <datafield tag="082" ind1="0" ind2=" ">
            <subfield code="a">354.494</subfield>
         </datafield>
         <datafield tag="082" ind1="1" ind2=" ">
            <subfield code="a">340</subfield>
            <subfield code="2">15</subfield>
         </datafield>
         <datafield tag="084" ind1=" " ind2=" ">
            <subfield code="a">MG 32050</subfield>
            <subfield code="2">rvk</subfield>
         </datafield>
         <datafield tag="084" ind1=" " ind2=" ">
            <subfield code="a">PL 681</subfield>
            <subfield code="2">rvk</subfield>
         </datafield>
         <datafield tag="100" ind1="1" ind2=" ">
            <subfield code="a">Giacometti</subfield>
            <subfield code="D">Zaccaria</subfield>
         </datafield>
         <datafield tag="245" ind1="1" ind2="4">
            <subfield code="a">Das Staatsrecht der schweizerischen Kantone</subfield>
            <subfield code="c">Z. Giacometti</subfield>
         </datafield>
         <datafield tag="250" ind1=" " ind2=" ">
            <subfield code="a">[Unveränd. Nachdr.]</subfield>
         </datafield>
         <datafield tag="264" ind1=" " ind2="1">
            <subfield code="a">Zürich</subfield>
            <subfield code="b">Polygraphischer Verlag</subfield>
            <subfield code="c">[1979]</subfield>
         </datafield>
         <datafield tag="264" ind1=" " ind2="4">
            <subfield code="c">© 1979</subfield>
         </datafield>
         <datafield tag="300" ind1=" " ind2=" ">
            <subfield code="a">561 S.</subfield>
            <subfield code="c">24 cm</subfield>
         </datafield>
         <datafield tag="534" ind1=" " ind2=" ">
            <subfield code="p">Nachdruck der Ausgabe von</subfield>
            <subfield code="c">Zürich : Polygraphischer Verlag, 1941</subfield>
         </datafield>
         <datafield tag="650" ind1=" " ind2="7">
            <subfield code="a">Kanton</subfield>
            <subfield code="x">Staatsrecht</subfield>
            <subfield code="2">idsbb</subfield>
         </datafield>
         <datafield tag="650" ind1=" " ind2="7">
            <subfield code="a">Staatsrecht</subfield>
            <subfield code="x">Kanton</subfield>
            <subfield code="2">idsbb</subfield>
         </datafield>
         <datafield tag="650" ind1=" " ind2="7">
            <subfield code="a">Verfassung</subfield>
            <subfield code="0">(DE-588)4062787-1</subfield>
            <subfield code="2">gnd</subfield>
         </datafield>
         <datafield tag="650" ind1=" " ind2="7">
            <subfield code="a">Verfassungsrecht</subfield>
            <subfield code="0">(DE-588)4062801-2</subfield>
            <subfield code="2">gnd</subfield>
         </datafield>
         <datafield tag="650" ind1=" " ind2="7">
            <subfield code="a">Kanton</subfield>
            <subfield code="0">(DE-588)4139533-5</subfield>
            <subfield code="2">gnd</subfield>
         </datafield>
         <datafield tag="650" ind1=" " ind2="7">
            <subfield code="a">Staatsrecht</subfield>
            <subfield code="0">(DE-588)4056666-3</subfield>
            <subfield code="2">gnd</subfield>
         </datafield>
         <datafield tag="651" ind1=" " ind2="7">
            <subfield code="a">Schweiz</subfield>
            <subfield code="0">(DE-588)4053881-3</subfield>
            <subfield code="2">gnd</subfield>
         </datafield>
         <datafield tag="690" ind1=" " ind2="7">
            <subfield code="B">u</subfield>
            <subfield code="a">Staatsrecht</subfield>
            <subfield code="2">idsuzh UA</subfield>
         </datafield>
         <datafield tag="691" ind1=" " ind2="7">
            <subfield code="B">u</subfield>
            <subfield code="u">PC 34 CH</subfield>
            <subfield code="2">idslu L1</subfield>
         </datafield>
         <datafield tag="691" ind1=" " ind2="7">
            <subfield code="B">u</subfield>
            <subfield code="u">10.120</subfield>
            <subfield code="2">abn YB</subfield>
         </datafield>
         <datafield tag="898" ind1=" " ind2=" ">
            <subfield code="a">BK020000</subfield>
            <subfield code="b">XK020000</subfield>
            <subfield code="c">XK020000</subfield>
         </datafield>
         <datafield tag="909" ind1=" " ind2="7">
            <subfield code="f">medea 233715</subfield>
            <subfield code="2">idslu LA</subfield>
         </datafield>
         <datafield tag="909" ind1=" " ind2="7">
            <subfield code="f">medea</subfield>
            <subfield code="2">idsuzh U2</subfield>
         </datafield>
         <datafield tag="912" ind1=" " ind2="7">
            <subfield code="a">rf</subfield>
            <subfield code="2">SzZuIDS BS/BE</subfield>
         </datafield>
         <datafield tag="912" ind1=" " ind2="7">
            <subfield code="a">820</subfield>
            <subfield code="2">IDS LU</subfield>
         </datafield>
         
         
         
         
         
         
         
         
         
         
         
         <datafield tag="950" ind1=" " ind2=" ">
            <subfield code="B">IDSBB</subfield>
            <subfield code="P">100</subfield>
            <subfield code="E">1-</subfield>
            <subfield code="a">Giacometti</subfield>
            <subfield code="D">Zaccaria</subfield>
         </datafield>
         <datafield tag="950" ind1=" " ind2=" ">
            <subfield code="B">IDSLU</subfield>
            <subfield code="P">100</subfield>
            <subfield code="E">1-</subfield>
            <subfield code="a">Giacometti</subfield>
            <subfield code="D">Zaccaria</subfield>
            <subfield code="d">1893-1970</subfield>
            <subfield code="0">(DE-588)119180863</subfield>
         </datafield>
         <datafield tag="950" ind1=" " ind2=" ">
            <subfield code="B">NEBIS</subfield>
            <subfield code="P">100</subfield>
            <subfield code="E">1-</subfield>
            <subfield code="a">Giacometti</subfield>
            <subfield code="D">Zaccaria</subfield>
         </datafield>
         <datafield tag="950" ind1=" " ind2=" ">
            <subfield code="B">ABN</subfield>
            <subfield code="P">100</subfield>
            <subfield code="E">1-</subfield>
            <subfield code="a">Giacometti</subfield>
            <subfield code="D">Zaccaria</subfield>
         </datafield>
         <datafield tag="956" ind1="4" ind2=" ">
            <subfield code="B">IDSLU</subfield>
            <subfield code="C">ILU50</subfield>
            <subfield code="D">ILU01</subfield>
            <subfield code="a">LUZHB</subfield>
            <subfield code="u">http://d-nb.info/790265060/04</subfield>
            <subfield code="q">pdf</subfield>
            <subfield code="x">VIEW</subfield>
            <subfield code="y">Inhaltsverzeichnis</subfield>
         </datafield>
         <datafield tag="986" ind1=" " ind2=" ">
            <subfield code="a">SWISSBIB</subfield>
            <subfield code="b">063718804</subfield>
         </datafield>
         <datafield tag="986" ind1=" " ind2=" ">
            <subfield code="a">ORANGE</subfield>
            <subfield code="b">271353724</subfield>
         </datafield>
      <datafield tag="690" ind1="H" ind2="D">
	    	<subfield code="8">WB</subfield>
	    	<subfield code="a">179 Uebrige Literatur : 179 Oeffentliches Recht</subfield>
	    	<subfield code="2">HSG-IFF</subfield>
	    </datafield><datafield tag="690" ind1="H" ind2="D">
    		<subfield code="8">0</subfield>
    		<subfield code="a"/>
    		<subfield code="2">HSG-IFF</subfield>
    	</datafield><datafield tag="690" ind1="H" ind2="D">
    		<subfield code="8">0</subfield>
    		<subfield code="a"/>
    		<subfield code="2">HSG-IFF</subfield>
    	</datafield></record>