<record xmlns:xs="http://www.w3.org/2001/XMLSchema">
         <leader>     cam a22     4  4500</leader>
         <controlfield tag="001">030616077</controlfield>
         <controlfield tag="003">CHVBK</controlfield>
         <controlfield tag="005">20190102041740.0</controlfield>
         <controlfield tag="008">050831s2005    gw            00    ger  </controlfield>
         <datafield tag="020" ind1=" " ind2=" ">
            <subfield code="a">3-504-26038-6</subfield>
            <subfield code="c">ca. CHF 238.00</subfield>
         </datafield>
         <datafield tag="035" ind1=" " ind2=" ">
            <subfield code="a">(OCoLC)181490061</subfield>
         </datafield>
         <datafield tag="035" ind1=" " ind2=" ">
            <subfield code="a">(IDSLU)000445226</subfield>
         </datafield>
         <datafield tag="040" ind1=" " ind2=" ">
            <subfield code="a">SzZuIDS LU LUZHB</subfield>
            <subfield code="e">kids</subfield>
         <subfield code="d">SzZuIDS HSG</subfield></datafield>
         <datafield tag="245" ind1="0" ind2="0">
            <subfield code="a">Steuerrecht international tätiger Unternehmen</subfield>
            <subfield code="b">Handbuch der Besteuerung von Auslandaktivitäten inländischer Unternehmen und von Inlandaktivitäten ausländischer Unternehmen</subfield>
            <subfield code="c">von Jörg Manfred Mössner ... [et al.]</subfield>
         </datafield>
         <datafield tag="250" ind1=" " ind2=" ">
            <subfield code="a">3. völlig überarb. und erw. Aufl</subfield>
         </datafield>
         <datafield tag="264" ind1=" " ind2="1">
            <subfield code="a">Köln</subfield>
            <subfield code="b">O. Schmidt</subfield>
            <subfield code="c">2005</subfield>
         </datafield>
         <datafield tag="300" ind1=" " ind2=" ">
            <subfield code="a">1102 S.</subfield>
            <subfield code="c">24 cm</subfield>
         </datafield>
         <datafield tag="336" ind1=" " ind2=" ">
            <subfield code="a">Text</subfield>
            <subfield code="b">txt</subfield>
            <subfield code="2">rdacontent/ger</subfield>
         </datafield>
         <datafield tag="337" ind1=" " ind2=" ">
            <subfield code="a">ohne Hilfsmittel zu benutzen</subfield>
            <subfield code="b">n</subfield>
            <subfield code="2">rdamedia/ger</subfield>
         </datafield>
         <datafield tag="338" ind1=" " ind2=" ">
            <subfield code="a">Band</subfield>
            <subfield code="b">nc</subfield>
            <subfield code="2">rdacarrier/ger</subfield>
         </datafield>
         <datafield tag="650" ind1=" " ind2="7">
            <subfield code="a">Internationales Steuerrecht</subfield>
            <subfield code="0">(DE-588)4027451-2</subfield>
            <subfield code="2">gnd</subfield>
         </datafield>
         <datafield tag="650" ind1=" " ind2="7">
            <subfield code="a">Multinationales Unternehmen</subfield>
            <subfield code="0">(DE-588)4075092-9</subfield>
            <subfield code="2">gnd</subfield>
         </datafield>
         <datafield tag="651" ind1=" " ind2="7">
            <subfield code="a">Deutschland</subfield>
            <subfield code="0">(DE-588)4011882-4</subfield>
            <subfield code="2">gnd</subfield>
         </datafield>
         <datafield tag="691" ind1=" " ind2="7">
            <subfield code="B">u</subfield>
            <subfield code="u">PC 54.2 D</subfield>
            <subfield code="2">idslu L1</subfield>
         </datafield>
         <datafield tag="691" ind1=" " ind2="7">
            <subfield code="B">u</subfield>
            <subfield code="u">PC 54 D</subfield>
            <subfield code="2">idslu L1</subfield>
         </datafield>
         <datafield tag="691" ind1=" " ind2="7">
            <subfield code="B">u</subfield>
            <subfield code="u">PC 30.1 D</subfield>
            <subfield code="2">idslu L1</subfield>
         </datafield>
         <datafield tag="700" ind1="1" ind2=" ">
            <subfield code="a">Mössner</subfield>
            <subfield code="D">Jörg Manfred</subfield>
            <subfield code="d">1941-</subfield>
            <subfield code="0">(DE-588)170611639</subfield>
         </datafield>
         <datafield tag="912" ind1=" " ind2="7">
            <subfield code="a">810</subfield>
            <subfield code="2">IDS LU</subfield>
         </datafield>
         <datafield tag="950" ind1=" " ind2=" ">
            <subfield code="B">IDSLU</subfield>
            <subfield code="P">700</subfield>
            <subfield code="E">1-</subfield>
            <subfield code="a">Mössner</subfield>
            <subfield code="D">Jörg Manfred</subfield>
            <subfield code="d">1941-</subfield>
            <subfield code="0">(DE-588)170611639</subfield>
         </datafield>
         <datafield tag="986" ind1=" " ind2=" ">
            <subfield code="a">SWISSBIB</subfield>
            <subfield code="b">030616077</subfield>
         </datafield>
         <datafield tag="898" ind1=" " ind2=" ">
            <subfield code="a">BK020000</subfield>
            <subfield code="b">XK020000</subfield>
            <subfield code="c">XK020000</subfield>
         </datafield>
         
         <datafield tag="956" ind1="4" ind2=" ">
            <subfield code="B">IDSLU</subfield>
            <subfield code="C">ILU50</subfield>
            <subfield code="D">ILU01</subfield>
            <subfield code="a">LUZHB</subfield>
            <subfield code="u">http://www.ub.unibas.ch/tox/HBZ/HT014373113/PDF</subfield>
            <subfield code="q">pdf</subfield>
            <subfield code="x">VIEW</subfield>
            <subfield code="y">Inhaltsverzeichnis</subfield>
         </datafield>
      <datafield tag="690" ind1="H" ind2="D">
	    	<subfield code="8">LD</subfield>
	    	<subfield code="a">Interkantonales/Internationales Steuerrecht : Deutschland</subfield>
	    	<subfield code="2">HSG-IFF</subfield>
	    </datafield><datafield tag="690" ind1="H" ind2="D">
    		<subfield code="8">0</subfield>
    		<subfield code="a"/>
    		<subfield code="2">HSG-IFF</subfield>
    	</datafield><datafield tag="690" ind1="H" ind2="D">
    		<subfield code="8">0</subfield>
    		<subfield code="a"/>
    		<subfield code="2">HSG-IFF</subfield>
    	</datafield></record>