<record xmlns:xs="http://www.w3.org/2001/XMLSchema">
         <leader>     cas a22     1  4500</leader>
         <controlfield tag="001">51472658X</controlfield>
         <controlfield tag="003">CHVBK</controlfield>
         <controlfield tag="005">20190403075313.0</controlfield>
         <controlfield tag="007">ta</controlfield>
         <controlfield tag="008">180613d19uu2003sz ar        s0    0fre d</controlfield>
         <datafield tag="035" ind1=" " ind2=" ">
            <subfield code="a">(SNL)991005073109703976</subfield>
         </datafield>
         <datafield tag="035" ind1=" " ind2=" ">
            <subfield code="a">(IDSSG)000999978</subfield>
         </datafield>
         <datafield tag="035" ind1=" " ind2=" ">
            <subfield code="a">(Sz)1375917-41snl_51</subfield>
         </datafield>
         <datafield tag="035" ind1=" " ind2=" ">
            <subfield code="a">(Sz)vtls001375917</subfield>
         </datafield>
         <datafield tag="035" ind1=" " ind2=" ">
            <subfield code="a">(Sz)001375917</subfield>
         </datafield>
         <datafield tag="040" ind1=" " ind2=" ">
            <subfield code="a">Sz</subfield>
            <subfield code="c">Sz</subfield>
         <subfield code="d">SzZuIDS HSG</subfield></datafield>
         <datafield tag="041" ind1="1" ind2=" ">
            <subfield code="a">fre</subfield>
            <subfield code="a">ger</subfield>
         </datafield>
         <datafield tag="090" ind1=" " ind2=" ">
            <subfield code="a">OPq 4659</subfield>
         </datafield>
         <datafield tag="245" ind1="0" ind2="0">
            <subfield code="a">Finanzplan des Kantons Bern</subfield>
            <subfield code="b">Anträge des Regierungsrates an den Grossen Rat = Plan financier du Canton de Berne : propositions du Conseil-exécutif au Grand Conseil</subfield>
         </datafield>
         <datafield tag="246" ind1="3" ind2="1">
            <subfield code="a">Plan financier du Canton de Bern</subfield>
         </datafield>
         <datafield tag="260" ind1=" " ind2=" ">
            <subfield code="a">Bern</subfield>
            <subfield code="b">[Staatskanzlei des Kantons Bern]</subfield>
         </datafield>
         <datafield tag="300" ind1=" " ind2=" ">
            <subfield code="a">Bd.</subfield>
            <subfield code="c">30 cm</subfield>
         </datafield>
         <datafield tag="310" ind1=" " ind2=" ">
            <subfield code="a">Jährl.</subfield>
         </datafield>
         <datafield tag="362" ind1="1" ind2=" ">
            <subfield code="a">Endet mit: 2005/2007.</subfield>
         </datafield>
         <datafield tag="500" ind1=" " ind2=" ">
            <subfield code="a">Katalogisiert nach Ausg. 1994/1997</subfield>
         </datafield>
         <datafield tag="580" ind1=" " ind2=" ">
            <subfield code="a">Fusioniert mit: Voranschlag des Kantons Bern für das Jahr ... = Budget du Canton de Berne pour l'année ..., und bildet: Voranschlag ... und Aufgaben/Finanzplan ... des Kantons Bern = Budget ... et plan intégré mission-financement ... à ... du Canton de Berne</subfield>
         </datafield>
         <datafield tag="655" ind1=" " ind2="7">
            <subfield code="a">Monografische Reihe</subfield>
            <subfield code="2">gnd-content</subfield>
         </datafield>
         <datafield tag="690" ind1=" " ind2="7">
            <subfield code="B">u</subfield>
            <subfield code="u">YL3</subfield>
            <subfield code="a">Wirtschaftswissenschaften : Finanzwissenschaft. Betriebswirtschaftliche Steuerlehre : Finanzwirtschaft untergeordneter Gebietskörperschaften</subfield>
            <subfield code="2">idssg HD</subfield>
         </datafield>
         <datafield tag="710" ind1="1" ind2=" ">
            <subfield code="a">Kanton Bern</subfield>
            <subfield code="b">Regierungsrat</subfield>
            <subfield code="0">(DE-588)1024441-4</subfield>
         </datafield>
         <datafield tag="710" ind1="1" ind2=" ">
            <subfield code="a">Kanton Bern</subfield>
            <subfield code="b">Großer Rat</subfield>
            <subfield code="0">(DE-588)252670-0</subfield>
         </datafield>
         <datafield tag="785" ind1="1" ind2="7">
            <subfield code="t">Voranschlag des Kantons Bern für das Jahr</subfield>
            <subfield code="7">(Sz)001375485</subfield>
         </datafield>
         <datafield tag="785" ind1="1" ind2="7">
            <subfield code="t">Voranschlag ... und Aufgaben/Finanzplan ... des Kantons Bern</subfield>
            <subfield code="7">(Sz)001516027</subfield>
         </datafield>
         <datafield tag="852" ind1="4" ind2=" ">
            <subfield code="B">SNL</subfield>
            <subfield code="F">NB001</subfield>
            <subfield code="b">NB999</subfield>
            <subfield code="j">OPq 4659</subfield>
            <subfield code="a">-</subfield>
         </datafield>
         <datafield tag="897" ind1=" " ind2=" ">
            <subfield code="a">h</subfield>
            <subfield code="b">1</subfield>
         </datafield>
         <datafield tag="898" ind1=" " ind2=" ">
            <subfield code="a">CR030000</subfield>
            <subfield code="b">XR030000</subfield>
            <subfield code="c">XR030000</subfield>
         </datafield>
         <datafield tag="898" ind1=" " ind2=" ">
            <subfield code="a">CR030300</subfield>
            <subfield code="b">XR030000</subfield>
            <subfield code="c">XR030000</subfield>
         </datafield>
         
         
         
         
         
         
         
         <datafield tag="950" ind1=" " ind2=" ">
            <subfield code="B">SNL</subfield>
            <subfield code="P">710</subfield>
            <subfield code="E">1-</subfield>
            <subfield code="a">Kanton Bern</subfield>
            <subfield code="b">Regierungsrat</subfield>
            <subfield code="0">(DE-588)1024441-4</subfield>
         </datafield>
         <datafield tag="950" ind1=" " ind2=" ">
            <subfield code="B">SNL</subfield>
            <subfield code="P">710</subfield>
            <subfield code="E">1-</subfield>
            <subfield code="a">Kanton Bern</subfield>
            <subfield code="b">Großer Rat</subfield>
            <subfield code="0">(DE-588)252670-0</subfield>
         </datafield>
         <datafield tag="950" ind1=" " ind2=" ">
            <subfield code="B">SNL</subfield>
            <subfield code="P">785</subfield>
            <subfield code="E">17</subfield>
            <subfield code="t">Voranschlag des Kantons Bern für das Jahr</subfield>
            <subfield code="7">(Sz)001375485</subfield>
         </datafield>
         <datafield tag="950" ind1=" " ind2=" ">
            <subfield code="B">SNL</subfield>
            <subfield code="P">785</subfield>
            <subfield code="E">17</subfield>
            <subfield code="t">Voranschlag ... und Aufgaben/Finanzplan ... des Kantons Bern</subfield>
            <subfield code="7">(Sz)001516027</subfield>
         </datafield>
         <datafield tag="950" ind1=" " ind2=" ">
            <subfield code="B">IDSSG</subfield>
            <subfield code="P">100</subfield>
            <subfield code="E">0-</subfield>
            <subfield code="a">Grosser Rat des Kts. Bern</subfield>
            <subfield code="e">Verfasser</subfield>
            <subfield code="4">aut</subfield>
         </datafield>
      <datafield tag="690" ind1="H" ind2="D">
	    	<subfield code="8">YL3</subfield>
	    	<subfield code="a">Wirtschaftswissenschaften : Finanzwissenschaft. Betriebswirtschaftliche Steuerlehre : Finanzwirtschaft untergeordneter Gebietskörperschaften</subfield>
	    	<subfield code="2">HSG-IFF</subfield>
	    </datafield><datafield tag="690" ind1="H" ind2="D">
    		<subfield code="8">0</subfield>
    		<subfield code="a"/>
    		<subfield code="2">HSG-IFF</subfield>
    	</datafield><datafield tag="690" ind1="H" ind2="D">
    		<subfield code="8">0</subfield>
    		<subfield code="a"/>
    		<subfield code="2">HSG-IFF</subfield>
    	</datafield></record>