<record xmlns:xs="http://www.w3.org/2001/XMLSchema">
         <leader>     cas a22        4500</leader>
         <controlfield tag="001">41807514X</controlfield>
         <controlfield tag="003">CHVBK</controlfield>
         <controlfield tag="005">20190301234128.0</controlfield>
         <controlfield tag="008">170122c19649999sz    p       0    0fre d</controlfield>
         <datafield tag="035" ind1=" " ind2=" ">
            <subfield code="a">(RERO)0245880</subfield>
         </datafield>
         <datafield tag="035" ind1=" " ind2=" ">
            <subfield code="a">(VAUD)991011552769702852</subfield>
         </datafield>
         <datafield tag="035" ind1=" " ind2=" ">
            <subfield code="a">(RNV)000227637-41bculausa_network</subfield>
         </datafield>
         <datafield tag="035" ind1=" " ind2=" ">
            <subfield code="a">(RERO)000227637</subfield>
         </datafield>
         <datafield tag="035" ind1=" " ind2=" ">
            <subfield code="a">0245880</subfield>
         </datafield>
         <datafield tag="035" ind1=" " ind2=" ">
            <subfield code="a">(EXLNZ-41BCULAUSA_NETWORK)991008408289702851</subfield>
         </datafield>
         <datafield tag="040" ind1=" " ind2=" ">
            <subfield code="a">RERO</subfield>
         <subfield code="d">SzZuIDS HSG</subfield></datafield>
         <datafield tag="044" ind1=" " ind2=" ">
            <subfield code="a">sz</subfield>
            <subfield code="c">ch-vd</subfield>
         </datafield>
         <datafield tag="072" ind1=" " ind2="7">
            <subfield code="a">s1se</subfield>
            <subfield code="2">rero</subfield>
         </datafield>
         <datafield tag="245" ind1="0" ind2="0">
            <subfield code="a">Comptes</subfield>
            <subfield code="c">État de Vaud</subfield>
         </datafield>
         <datafield tag="246" ind1="3" ind2=" ">
            <subfield code="a">Comptes / Canton de Vaud</subfield>
         </datafield>
         <datafield tag="264" ind1=" " ind2="1">
            <subfield code="a">Lausanne</subfield>
         </datafield>
         <datafield tag="300" ind1=" " ind2=" ">
            <subfield code="a">   v.</subfield>
            <subfield code="c">30 cm</subfield>
         </datafield>
         <datafield tag="362" ind1="0" ind2=" ">
            <subfield code="a">1963-&gt;</subfield>
         </datafield>
         <datafield tag="580" ind1=" " ind2=" ">
            <subfield code="a">Fait suite à: Compte-rendu pour ... / Département des finances</subfield>
         </datafield>
         <datafield tag="583" ind1=" " ind2=" ">
            <subfield code="5">labcur B 9621</subfield>
            <subfield code="z">2</subfield>
         </datafield>
         <datafield tag="650" ind1=" " ind2="7">
            <subfield code="a">Budget</subfield>
            <subfield code="0">(RERO)A021003137</subfield>
            <subfield code="2">rero</subfield>
         </datafield>
         <datafield tag="650" ind1=" " ind2="7">
            <subfield code="a">budget public</subfield>
            <subfield code="z">Vaud (Suisse)</subfield>
            <subfield code="v">publication officielle</subfield>
            <subfield code="2">chrero</subfield>
         </datafield>
         <datafield tag="651" ind1=" " ind2="7">
            <subfield code="a">Vaud (Suisse)</subfield>
            <subfield code="0">(RERO)A010163485</subfield>
            <subfield code="2">rero</subfield>
         </datafield>
         <datafield tag="655" ind1=" " ind2="7">
            <subfield code="a">Publications officielles</subfield>
            <subfield code="2">rero</subfield>
         </datafield>
         <datafield tag="710" ind1="2" ind2=" ">
            <subfield code="a">Vaud</subfield>
            <subfield code="b">Département des finances</subfield>
            <subfield code="0">(RERO)A003933903</subfield>
         </datafield>
         <datafield tag="780" ind1="1" ind2="0">
            <subfield code="t">Compte-rendu pour ... / Département des finances</subfield>
         </datafield>
         <datafield tag="852" ind1="4" ind2=" ">
            <subfield code="B">VAUD</subfield>
            <subfield code="F">bcur</subfield>
            <subfield code="j">B 9621</subfield>
            <subfield code="c">810020112</subfield>
            <subfield code="a">1963- ; PAC 1 ; Prêt exclu, consultation sur place</subfield>
         </datafield>
         <datafield tag="852" ind1="4" ind2=" ">
            <subfield code="B">VAUD</subfield>
            <subfield code="F">acv</subfield>
            <subfield code="j">ACV ZBT 13</subfield>
            <subfield code="c">810400007</subfield>
            <subfield code="a">1963-&gt; ; [Prêt exclu.]</subfield>
         </datafield>
         <datafield tag="898" ind1=" " ind2=" ">
            <subfield code="a">CR030600</subfield>
            <subfield code="b">XR030000</subfield>
            <subfield code="c">XR030000</subfield>
         </datafield>
         
         <datafield tag="950" ind1=" " ind2=" ">
            <subfield code="B">RERO</subfield>
            <subfield code="P">710</subfield>
            <subfield code="E">2-</subfield>
            <subfield code="a">Vaud</subfield>
            <subfield code="b">Département des finances</subfield>
            <subfield code="0">(RERO)A003933903</subfield>
         </datafield>
         <datafield tag="950" ind1=" " ind2=" ">
            <subfield code="B">RERO</subfield>
            <subfield code="P">780</subfield>
            <subfield code="E">10</subfield>
            <subfield code="t">Compte-rendu pour ... / Département des finances</subfield>
         </datafield>
         <datafield tag="950" ind1=" " ind2=" ">
            <subfield code="B">VAUD</subfield>
            <subfield code="P">710</subfield>
            <subfield code="E">2-</subfield>
            <subfield code="a">Vaud</subfield>
            <subfield code="b">Département des finances</subfield>
         </datafield>
         <datafield tag="950" ind1=" " ind2=" ">
            <subfield code="B">VAUD</subfield>
            <subfield code="P">780</subfield>
            <subfield code="E">10</subfield>
            <subfield code="t">Compte-rendu pour ... / Département des finances</subfield>
         </datafield>
      <datafield tag="690" ind1="H" ind2="D">
	    	<subfield code="8">YL3</subfield>
	    	<subfield code="a">Wirtschaftswissenschaften : Finanzwissenschaft. Betriebswirtschaftliche Steuerlehre : Finanzwirtschaft untergeordneter Gebietskörperschaften</subfield>
	    	<subfield code="2">HSG-IFF</subfield>
	    </datafield><datafield tag="690" ind1="H" ind2="D">
    		<subfield code="8">0</subfield>
    		<subfield code="a"/>
    		<subfield code="2">HSG-IFF</subfield>
    	</datafield><datafield tag="690" ind1="H" ind2="D">
    		<subfield code="8">0</subfield>
    		<subfield code="a"/>
    		<subfield code="2">HSG-IFF</subfield>
    	</datafield></record>