<record xmlns:xs="http://www.w3.org/2001/XMLSchema">
         <leader>     cam a22     4  4500</leader>
         <controlfield tag="001">289071623</controlfield>
         <controlfield tag="003">CHVBK</controlfield>
         <controlfield tag="005">20190302094906.0</controlfield>
         <controlfield tag="008">131020s2007    gw       m    00    ger  </controlfield>
         <datafield tag="035" ind1=" " ind2=" ">
            <subfield code="a">(IDSBB)004165847</subfield>
         </datafield>
         <datafield tag="035" ind1=" " ind2=" ">
            <subfield code="a">(SNL)991002070729703976</subfield>
         </datafield>
         <datafield tag="035" ind1=" " ind2=" ">
            <subfield code="a">(Sz)1491500-41snl_51</subfield>
         </datafield>
         <datafield tag="035" ind1=" " ind2=" ">
            <subfield code="a">(Sz)vtls001491500</subfield>
         </datafield>
         <datafield tag="035" ind1=" " ind2=" ">
            <subfield code="a">(Sz)001491500</subfield>
         </datafield>
         <datafield tag="040" ind1=" " ind2=" ">
            <subfield code="a">SzZuIDS BS/BE A100</subfield>
            <subfield code="e">kids</subfield>
         <subfield code="d">SzZuIDS HSG</subfield></datafield>
         <datafield tag="082" ind1="7" ind2="4">
            <subfield code="a">330</subfield>
            <subfield code="2">22sdnb</subfield>
         </datafield>
         <datafield tag="100" ind1="1" ind2=" ">
            <subfield code="a">Hofmänner</subfield>
            <subfield code="D">Simeon</subfield>
         </datafield>
         <datafield tag="245" ind1="1" ind2="4">
            <subfield code="a">Die Effizienz der öffentlichen Hand</subfield>
            <subfield code="b">drei empirische Beiträge über die Verwendung der schweizerischen Staatsausgaben : die schweizerischen öffentlichen Ausgaben im internationalen Vergleich, eine Untersuchung der Effizienz öffentlicher Leistungen der Schweizer Kantone und Gemeinden, Anreize und Wechselwirkungen zwischen der schweizerischen Invalidenversicherung und der Sozialhilfe</subfield>
            <subfield code="c">vorgelegt von Simeon Hofmänner</subfield>
         </datafield>
         <datafield tag="264" ind1=" " ind2="1">
            <subfield code="a">Basel</subfield>
            <subfield code="b">[Verlag nicht ermittelbar]</subfield>
            <subfield code="c">2007</subfield>
         </datafield>
         <datafield tag="300" ind1=" " ind2=" ">
            <subfield code="a">227 S.</subfield>
            <subfield code="b">Ill.</subfield>
            <subfield code="c">21 cm</subfield>
         </datafield>
         <datafield tag="502" ind1=" " ind2=" ">
            <subfield code="a">Diss. Wirtschaftswiss. Univ. Basel, 2007. - Ref.: Silvio Borner, Frank Bodmer</subfield>
         </datafield>
         <datafield tag="504" ind1=" " ind2=" ">
            <subfield code="a">Literaturverz.</subfield>
         </datafield>
         <datafield tag="650" ind1=" " ind2="7">
            <subfield code="a">Staatsausgaben</subfield>
            <subfield code="z">Schweiz</subfield>
            <subfield code="2">idsbb</subfield>
         </datafield>
         <datafield tag="650" ind1=" " ind2="7">
            <subfield code="a">IV</subfield>
            <subfield code="2">idsbb</subfield>
         </datafield>
         <datafield tag="650" ind1=" " ind2="7">
            <subfield code="a">Sozialhilfe</subfield>
            <subfield code="z">Schweiz</subfield>
            <subfield code="2">idsbb</subfield>
         </datafield>
         <datafield tag="650" ind1=" " ind2="7">
            <subfield code="a">Öffentliche Finanzen</subfield>
            <subfield code="x">Kanton</subfield>
            <subfield code="2">idsbb</subfield>
         </datafield>
         <datafield tag="650" ind1=" " ind2="7">
            <subfield code="a">Kanton</subfield>
            <subfield code="x">Öffentliche Finanzen</subfield>
            <subfield code="2">idsbb</subfield>
         </datafield>
         <datafield tag="655" ind1=" " ind2="7">
            <subfield code="a">Hochschulschrift</subfield>
            <subfield code="2">gnd-content</subfield>
         </datafield>
         <datafield tag="690" ind1=" " ind2="7">
            <subfield code="B">u</subfield>
            <subfield code="a">Öffentlicher Sektor</subfield>
            <subfield code="2">idsbb FC</subfield>
         </datafield>
         <datafield tag="690" ind1=" " ind2="7">
            <subfield code="B">u</subfield>
            <subfield code="a">Erwerbsunfähigkeit</subfield>
            <subfield code="2">idsbb FC</subfield>
         </datafield>
         <datafield tag="690" ind1=" " ind2="7">
            <subfield code="B">u</subfield>
            <subfield code="a">Sozialhilfe</subfield>
            <subfield code="2">idsbb FC</subfield>
         </datafield>
         <datafield tag="691" ind1=" " ind2="7">
            <subfield code="a">sb</subfield>
            <subfield code="b">2007/08</subfield>
            <subfield code="c">330</subfield>
            <subfield code="2">snl-sb</subfield>
         </datafield>
         <datafield tag="700" ind1="1" ind2=" ">
            <subfield code="a">Borner</subfield>
            <subfield code="D">Silvio</subfield>
            <subfield code="d">1941-</subfield>
            <subfield code="0">(DE-588)107932865</subfield>
            <subfield code="e">Akademischer Betreuer</subfield>
            <subfield code="4">dgs</subfield>
         </datafield>
         <datafield tag="700" ind1="1" ind2=" ">
            <subfield code="a">Bodmer</subfield>
            <subfield code="D">Frank</subfield>
            <subfield code="e">Akademischer Betreuer</subfield>
            <subfield code="4">dgs</subfield>
         </datafield>
         <datafield tag="898" ind1=" " ind2=" ">
            <subfield code="a">BK020300</subfield>
            <subfield code="b">XK020000</subfield>
            <subfield code="c">XK020000</subfield>
         </datafield>
         <datafield tag="908" ind1=" " ind2=" ">
            <subfield code="D">1</subfield>
            <subfield code="a">Hochschulschrift = Thèse/Mémoire</subfield>
         </datafield>
         <datafield tag="912" ind1=" " ind2="7">
            <subfield code="a">vw</subfield>
            <subfield code="2">SzZuIDS BS/BE</subfield>
         </datafield>
         
         
         
         
         <datafield tag="950" ind1=" " ind2=" ">
            <subfield code="B">IDSBB</subfield>
            <subfield code="P">100</subfield>
            <subfield code="E">1-</subfield>
            <subfield code="a">Hofmänner</subfield>
            <subfield code="D">Simeon</subfield>
         </datafield>
         <datafield tag="950" ind1=" " ind2=" ">
            <subfield code="B">IDSBB</subfield>
            <subfield code="P">700</subfield>
            <subfield code="E">1-</subfield>
            <subfield code="a">Borner</subfield>
            <subfield code="D">Silvio</subfield>
            <subfield code="d">1941-</subfield>
            <subfield code="0">(DE-588)107932865</subfield>
            <subfield code="e">Akademischer Betreuer</subfield>
            <subfield code="4">dgs</subfield>
         </datafield>
         <datafield tag="950" ind1=" " ind2=" ">
            <subfield code="B">IDSBB</subfield>
            <subfield code="P">700</subfield>
            <subfield code="E">1-</subfield>
            <subfield code="a">Bodmer</subfield>
            <subfield code="D">Frank</subfield>
            <subfield code="e">Akademischer Betreuer</subfield>
            <subfield code="4">dgs</subfield>
         </datafield>
         <datafield tag="950" ind1=" " ind2=" ">
            <subfield code="B">SNL</subfield>
            <subfield code="P">100</subfield>
            <subfield code="E">1-</subfield>
            <subfield code="a">Hofmänner</subfield>
            <subfield code="D">Simeon</subfield>
         </datafield>
      <datafield tag="690" ind1="H" ind2="D">
	    	<subfield code="8">YL3</subfield>
	    	<subfield code="a">Wirtschaftswissenschaften : Finanzwissenschaft. Betriebswirtschaftliche Steuerlehre : Finanzwirtschaft untergeordneter Gebietskörperschaften</subfield>
	    	<subfield code="2">HSG-IFF</subfield>
	    </datafield><datafield tag="690" ind1="H" ind2="D">
    		<subfield code="8">0</subfield>
    		<subfield code="a"/>
    		<subfield code="2">HSG-IFF</subfield>
    	</datafield><datafield tag="690" ind1="H" ind2="D">
    		<subfield code="8">0</subfield>
    		<subfield code="a"/>
    		<subfield code="2">HSG-IFF</subfield>
    	</datafield></record>