<record xmlns:xs="http://www.w3.org/2001/XMLSchema">
         <leader>     cam a22        4500</leader>
         <controlfield tag="001">527365688</controlfield>
         <controlfield tag="003">CHVBK</controlfield>
         <controlfield tag="005">20190320072223.0</controlfield>
         <controlfield tag="006">m        d |      </controlfield>
         <controlfield tag="007">cr -n---------</controlfield>
         <controlfield tag="008">180914s2013    gw      ob    001 0 ger d</controlfield>
         <datafield tag="020" ind1=" " ind2=" ">
            <subfield code="a">3-8452-4514-X</subfield>
         </datafield>
         <datafield tag="035" ind1=" " ind2=" ">
            <subfield code="a">(VAUD)991021104635102852</subfield>
         </datafield>
         <datafield tag="035" ind1=" " ind2=" ">
            <subfield code="a">(NEBIS)010402893</subfield>
         </datafield>
         <datafield tag="035" ind1=" " ind2=" ">
            <subfield code="a">(CKB)3710000000281222</subfield>
         </datafield>
         <datafield tag="035" ind1=" " ind2=" ">
            <subfield code="a">(EBL)1851985</subfield>
         </datafield>
         <datafield tag="035" ind1=" " ind2=" ">
            <subfield code="a">(MiAaPQ)EBC1851985</subfield>
         </datafield>
         <datafield tag="035" ind1=" " ind2=" ">
            <subfield code="a">(EXLCZ)993710000000281222</subfield>
         </datafield>
         <datafield tag="040" ind1=" " ind2=" ">
            <subfield code="a">MiAaPQ</subfield>
            <subfield code="b">eng</subfield>
            <subfield code="c">MiAaPQ</subfield>
            <subfield code="d">MiAaPQ</subfield>
            <subfield code="e">rda</subfield>
         <subfield code="d">SzZuIDS HSG</subfield></datafield>
         <datafield tag="043" ind1=" " ind2=" ">
            <subfield code="a">e------</subfield>
         </datafield>
         <datafield tag="050" ind1=" " ind2="4">
            <subfield code="a">KJE4445</subfield>
            <subfield code="b">.C537 2013</subfield>
         </datafield>
         <datafield tag="082" ind1="0" ind2=" ">
            <subfield code="a">342.24</subfield>
            <subfield code="2">23</subfield>
         </datafield>
         <datafield tag="100" ind1="1" ind2=" ">
            <subfield code="a">Classen</subfield>
            <subfield code="D">Claus Dieter</subfield>
            <subfield code="e">author.</subfield>
         </datafield>
         <datafield tag="245" ind1="1" ind2="0">
            <subfield code="a">Nationales Verfassungsrecht in der Europäischen Union</subfield>
            <subfield code="b">eine integrierte darstellung der 27 Verfassungsordnungen</subfield>
            <subfield code="c">Dr. Claus Dieter Classen</subfield>
         </datafield>
         <datafield tag="250" ind1=" " ind2=" ">
            <subfield code="a">1. Auflage.</subfield>
         </datafield>
         <datafield tag="264" ind1=" " ind2="1">
            <subfield code="a">Baden-Baden, [Germany]</subfield>
            <subfield code="b">Nomos</subfield>
            <subfield code="c">2013.</subfield>
         </datafield>
         <datafield tag="264" ind1=" " ind2="4">
            <subfield code="c">©2013</subfield>
         </datafield>
         <datafield tag="300" ind1=" " ind2=" ">
            <subfield code="a">1 online resource (323 p.)</subfield>
         </datafield>
         <datafield tag="500" ind1=" " ind2=" ">
            <subfield code="a">Description based upon print version of record.</subfield>
         </datafield>
         <datafield tag="504" ind1=" " ind2=" ">
            <subfield code="a">Includes bibliographical references and index.</subfield>
         </datafield>
         <datafield tag="588" ind1=" " ind2=" ">
            <subfield code="a">Description based on online resource; title from PDF title page (ebrary, viewed May 5, 2016).</subfield>
         </datafield>
         <datafield tag="610" ind1="2" ind2="7">
            <subfield code="a">Europäische Union</subfield>
            <subfield code="0">(DE-588)5098525-5</subfield>
            <subfield code="2">gnd</subfield>
         </datafield>
         <datafield tag="650" ind1=" " ind2="0">
            <subfield code="a">Constitutional law</subfield>
            <subfield code="z">European Union countries</subfield>
         </datafield>
         <datafield tag="650" ind1=" " ind2="7">
            <subfield code="a">Mitgliedsstaaten</subfield>
            <subfield code="0">(DE-588)4170174-4</subfield>
            <subfield code="2">gnd</subfield>
         </datafield>
         <datafield tag="650" ind1=" " ind2="7">
            <subfield code="a">Verfassungsrecht</subfield>
            <subfield code="0">(DE-588)4062801-2</subfield>
            <subfield code="2">gnd</subfield>
         </datafield>
         <datafield tag="651" ind1=" " ind2="0">
            <subfield code="a">Europe</subfield>
            <subfield code="z">European Union countries</subfield>
         </datafield>
         <datafield tag="655" ind1=" " ind2="7">
            <subfield code="a">Online-Ressource</subfield>
            <subfield code="2">gnd-carrier</subfield>
         </datafield>
         <datafield tag="776" ind1="0" ind2=" ">
            <subfield code="z">3-8487-0119-7</subfield>
         </datafield>
         <datafield tag="898" ind1=" " ind2=" ">
            <subfield code="a">BK020053</subfield>
            <subfield code="b">XK020053</subfield>
            <subfield code="c">XK020000</subfield>
         </datafield>
         <datafield tag="909" ind1=" " ind2="7">
            <subfield code="a">zbzdat201503e</subfield>
            <subfield code="c">doms</subfield>
            <subfield code="2">idszbz Z2</subfield>
         </datafield>
         <datafield tag="909" ind1=" " ind2="7">
            <subfield code="a">ebzbz</subfield>
            <subfield code="f">eb-Nomos</subfield>
            <subfield code="2">idsuzh U2</subfield>
         </datafield>
         
         
         <datafield tag="950" ind1=" " ind2=" ">
            <subfield code="B">VAUD</subfield>
            <subfield code="P">100</subfield>
            <subfield code="E">1-</subfield>
            <subfield code="a">Classen</subfield>
            <subfield code="D">Claus Dieter</subfield>
            <subfield code="e">author</subfield>
         </datafield>
         <datafield tag="950" ind1=" " ind2=" ">
            <subfield code="B">VAUD</subfield>
            <subfield code="P">776</subfield>
            <subfield code="E">0-</subfield>
            <subfield code="z">3-8487-0119-7</subfield>
         </datafield>
         <datafield tag="950" ind1=" " ind2=" ">
            <subfield code="B">NEBIS</subfield>
            <subfield code="P">100</subfield>
            <subfield code="E">1-</subfield>
            <subfield code="a">Classen</subfield>
            <subfield code="D">Claus Dieter</subfield>
            <subfield code="d">1960-</subfield>
            <subfield code="0">(DE-588)12276899X</subfield>
         </datafield>
         <datafield tag="950" ind1=" " ind2=" ">
            <subfield code="B">NEBIS</subfield>
            <subfield code="P">856</subfield>
            <subfield code="E">--</subfield>
            <subfield code="u">http://sfx.ethz.ch/sfx_locater?sid=ALEPH:EBI01&amp;genre=book&amp;isbn=9783845245140</subfield>
            <subfield code="z">Online via SFX</subfield>
         </datafield>
         <datafield tag="986" ind1=" " ind2=" ">
            <subfield code="a">SWISSBIB</subfield>
            <subfield code="b">277048605</subfield>
         </datafield>
      <datafield tag="690" ind1="H" ind2="D">
	    	<subfield code="8">WB</subfield>
	    	<subfield code="a">179 Uebrige Literatur : 179 Oeffentliches Recht</subfield>
	    	<subfield code="2">HSG-IFF</subfield>
	    </datafield><datafield tag="690" ind1="H" ind2="D">
    		<subfield code="8">0</subfield>
    		<subfield code="a"/>
    		<subfield code="2">HSG-IFF</subfield>
    	</datafield><datafield tag="690" ind1="H" ind2="D">
    		<subfield code="8">0</subfield>
    		<subfield code="a"/>
    		<subfield code="2">HSG-IFF</subfield>
    	</datafield></record>