<record xmlns:xs="http://www.w3.org/2001/XMLSchema">
         <leader>     cam a22     4  4500</leader>
         <controlfield tag="001">358167191</controlfield>
         <controlfield tag="003">CHVBK</controlfield>
         <controlfield tag="005">20190312062614.0</controlfield>
         <controlfield tag="007">tu</controlfield>
         <controlfield tag="008">160316s2016    au       |||| 000 0 eng| </controlfield>
         <datafield tag="016" ind1="7" ind2=" ">
            <subfield code="a">1079227784</subfield>
            <subfield code="2">DE-101</subfield>
         </datafield>
         <datafield tag="020" ind1=" " ind2=" ">
            <subfield code="a">978-3-7073-3369-5</subfield>
         </datafield>
         <datafield tag="020" ind1=" " ind2=" ">
            <subfield code="a">3-7073-3369-8</subfield>
         </datafield>
         <datafield tag="035" ind1=" " ind2=" ">
            <subfield code="a">(IDSBB)006482480</subfield>
         </datafield>
         <datafield tag="035" ind1=" " ind2=" ">
            <subfield code="a">(NEBIS)010602131</subfield>
         </datafield>
         <datafield tag="035" ind1=" " ind2=" ">
            <subfield code="a">(OCoLC)932022817</subfield>
         </datafield>
         <datafield tag="040" ind1=" " ind2=" ">
            <subfield code="a">GWDNB</subfield>
            <subfield code="b">ger</subfield>
            <subfield code="c">GWDNB</subfield>
            <subfield code="d">SzZuIDS BS/BE B464</subfield>
            <subfield code="e">rda</subfield>
         <subfield code="d">SzZuIDS HSG</subfield></datafield>
         <datafield tag="082" ind1="1" ind2=" ">
            <subfield code="a">340</subfield>
            <subfield code="2">15</subfield>
         </datafield>
         <datafield tag="082" ind1="0" ind2=" ">
            <subfield code="a">1\p</subfield>
            <subfield code="a">340</subfield>
            <subfield code="q">DE-101</subfield>
         </datafield>
         <datafield tag="084" ind1=" " ind2=" ">
            <subfield code="a">340</subfield>
            <subfield code="2">sdnb</subfield>
         </datafield>
         <datafield tag="245" ind1="0" ind2="0">
            <subfield code="a">Base erosion and profit shifting (BEPS)</subfield>
            <subfield code="b">the proposals to revise the OECD model convention</subfield>
            <subfield code="c">edited by Michael Lang, Pasquale Pistone, Alexander Rust, Josef Schuch, Claus Staringer</subfield>
         </datafield>
         <datafield tag="264" ind1=" " ind2="1">
            <subfield code="a">Wien</subfield>
            <subfield code="b">Linde</subfield>
            <subfield code="c">2016</subfield>
         </datafield>
         <datafield tag="300" ind1=" " ind2=" ">
            <subfield code="a">XI, 356 Seiten</subfield>
            <subfield code="b">Illustrationen</subfield>
            <subfield code="c">22.5 cm x 15.5 cm</subfield>
         </datafield>
         <datafield tag="490" ind1="0" ind2=" ">
            <subfield code="a">Series on international tax law</subfield>
            <subfield code="v">vol. 95</subfield>
            <subfield code="i">95</subfield>
            <subfield code="w">(IDSBB)001359716</subfield>
            <subfield code="9">270043411</subfield>
         </datafield>
         <datafield tag="500" ind1=" " ind2=" ">
            <subfield code="a">22. Viennese Symposium on International Tax Law im Juni 2015 in Wien</subfield>
         </datafield>
         <datafield tag="610" ind1="2" ind2="7">
            <subfield code="a">OECD</subfield>
            <subfield code="t">OECD-Musterabkommen zur Vermeidung der Doppelbesteuerung</subfield>
            <subfield code="0">(DE-588)4358384-2</subfield>
            <subfield code="2">gnd</subfield>
         </datafield>
         <datafield tag="650" ind1=" " ind2="7">
            <subfield code="a">Internationales Steuerrecht</subfield>
            <subfield code="0">(DE-588)4027451-2</subfield>
            <subfield code="2">gnd</subfield>
         </datafield>
         <datafield tag="650" ind1=" " ind2="7">
            <subfield code="a">Doppelbesteuerung</subfield>
            <subfield code="0">(DE-588)4012744-8</subfield>
            <subfield code="2">gnd</subfield>
         </datafield>
         <datafield tag="653" ind1=" " ind2=" ">
            <subfield code="a">Internationales Steuerrecht</subfield>
         </datafield>
         <datafield tag="653" ind1=" " ind2=" ">
            <subfield code="a">OECD</subfield>
         </datafield>
         <datafield tag="653" ind1=" " ind2=" ">
            <subfield code="a">OECD Model Tax Convention</subfield>
         </datafield>
         <datafield tag="653" ind1=" " ind2=" ">
            <subfield code="a">OECD-Musterabkommen</subfield>
         </datafield>
         <datafield tag="655" ind1=" " ind2="7">
            <subfield code="a">Konferenzschrift</subfield>
            <subfield code="z">Wien</subfield>
            <subfield code="y">2015</subfield>
            <subfield code="2">gnd-content</subfield>
         </datafield>
         <datafield tag="700" ind1="1" ind2=" ">
            <subfield code="a">Lang</subfield>
            <subfield code="D">Michael</subfield>
            <subfield code="d">1965-</subfield>
            <subfield code="0">(DE-588)130399523</subfield>
            <subfield code="e">Herausgeber</subfield>
            <subfield code="4">edt</subfield>
         </datafield>
         <datafield tag="700" ind1="1" ind2=" ">
            <subfield code="a">Pistone</subfield>
            <subfield code="D">Pasquale</subfield>
            <subfield code="d">1968-</subfield>
            <subfield code="0">(DE-588)142120863</subfield>
            <subfield code="e">Herausgeber</subfield>
            <subfield code="4">edt</subfield>
         </datafield>
         <datafield tag="700" ind1="1" ind2=" ">
            <subfield code="a">Rust</subfield>
            <subfield code="D">Alexander</subfield>
            <subfield code="d">1973-</subfield>
            <subfield code="0">(DE-588)133882233</subfield>
            <subfield code="e">Herausgeber</subfield>
            <subfield code="4">edt</subfield>
         </datafield>
         <datafield tag="700" ind1="1" ind2=" ">
            <subfield code="a">Schuch</subfield>
            <subfield code="D">Josef</subfield>
            <subfield code="d">1968-</subfield>
            <subfield code="0">(DE-588)171722833</subfield>
            <subfield code="e">Herausgeber</subfield>
            <subfield code="4">edt</subfield>
         </datafield>
         <datafield tag="700" ind1="1" ind2=" ">
            <subfield code="a">Staringer</subfield>
            <subfield code="D">Claus</subfield>
            <subfield code="d">1967-</subfield>
            <subfield code="0">(DE-588)171722876</subfield>
            <subfield code="e">Herausgeber</subfield>
            <subfield code="4">edt</subfield>
         </datafield>
         <datafield tag="898" ind1=" " ind2=" ">
            <subfield code="a">BK020000</subfield>
            <subfield code="b">XK020000</subfield>
            <subfield code="c">XK020000</subfield>
         </datafield>
         <datafield tag="898" ind1=" " ind2=" ">
            <subfield code="a">BK020800</subfield>
            <subfield code="b">XK020000</subfield>
            <subfield code="c">XK020000</subfield>
         </datafield>
         <datafield tag="909" ind1=" " ind2="7">
            <subfield code="a">rwimon201603p</subfield>
            <subfield code="c">rosi 160301</subfield>
            <subfield code="d">rwiswk201603b</subfield>
            <subfield code="2">idszbz Z2</subfield>
         </datafield>
         <datafield tag="912" ind1=" " ind2="7">
            <subfield code="a">rw</subfield>
            <subfield code="2">SzZuIDS BS/BE</subfield>
         </datafield>
         <datafield tag="912" ind1=" " ind2="7">
            <subfield code="a">RWI-Sq</subfield>
            <subfield code="2">RWI-201603</subfield>
         </datafield>
         
         
         
         <datafield tag="950" ind1=" " ind2=" ">
            <subfield code="B">IDSBB</subfield>
            <subfield code="P">490</subfield>
            <subfield code="E">0-</subfield>
            <subfield code="a">Series on international tax law</subfield>
            <subfield code="v">vol. 95</subfield>
            <subfield code="i">95</subfield>
            <subfield code="w">(IDSBB)001359716</subfield>
            <subfield code="9">270043411</subfield>
         </datafield>
         <datafield tag="950" ind1=" " ind2=" ">
            <subfield code="B">IDSBB</subfield>
            <subfield code="P">700</subfield>
            <subfield code="E">1-</subfield>
            <subfield code="a">Lang</subfield>
            <subfield code="D">Michael</subfield>
            <subfield code="d">1965-</subfield>
            <subfield code="0">(DE-588)130399523</subfield>
            <subfield code="e">Herausgeber</subfield>
            <subfield code="4">edt</subfield>
         </datafield>
         <datafield tag="950" ind1=" " ind2=" ">
            <subfield code="B">IDSBB</subfield>
            <subfield code="P">700</subfield>
            <subfield code="E">1-</subfield>
            <subfield code="a">Pistone</subfield>
            <subfield code="D">Pasquale</subfield>
            <subfield code="d">1968-</subfield>
            <subfield code="0">(DE-588)142120863</subfield>
            <subfield code="e">Herausgeber</subfield>
            <subfield code="4">edt</subfield>
         </datafield>
         <datafield tag="950" ind1=" " ind2=" ">
            <subfield code="B">IDSBB</subfield>
            <subfield code="P">700</subfield>
            <subfield code="E">1-</subfield>
            <subfield code="a">Rust</subfield>
            <subfield code="D">Alexander</subfield>
            <subfield code="d">1973-</subfield>
            <subfield code="0">(DE-588)133882233</subfield>
            <subfield code="e">Herausgeber</subfield>
            <subfield code="4">edt</subfield>
         </datafield>
         <datafield tag="950" ind1=" " ind2=" ">
            <subfield code="B">IDSBB</subfield>
            <subfield code="P">700</subfield>
            <subfield code="E">1-</subfield>
            <subfield code="a">Schuch</subfield>
            <subfield code="D">Josef</subfield>
            <subfield code="d">1968-</subfield>
            <subfield code="0">(DE-588)171722833</subfield>
            <subfield code="e">Herausgeber</subfield>
            <subfield code="4">edt</subfield>
         </datafield>
         <datafield tag="950" ind1=" " ind2=" ">
            <subfield code="B">IDSBB</subfield>
            <subfield code="P">700</subfield>
            <subfield code="E">1-</subfield>
            <subfield code="a">Staringer</subfield>
            <subfield code="D">Claus</subfield>
            <subfield code="d">1967-</subfield>
            <subfield code="0">(DE-588)171722876</subfield>
            <subfield code="e">Herausgeber</subfield>
            <subfield code="4">edt</subfield>
         </datafield>
         <datafield tag="950" ind1=" " ind2=" ">
            <subfield code="B">NEBIS</subfield>
            <subfield code="P">111</subfield>
            <subfield code="E">2-</subfield>
            <subfield code="a">Viennese Symposium on International Tax Law</subfield>
            <subfield code="n">(22</subfield>
            <subfield code="d">2015</subfield>
            <subfield code="c">Wien)</subfield>
            <subfield code="0">(DE-588)110566435X</subfield>
         </datafield>
         <datafield tag="950" ind1=" " ind2=" ">
            <subfield code="B">NEBIS</subfield>
            <subfield code="P">490</subfield>
            <subfield code="E">0-</subfield>
            <subfield code="a">Series on international tax law</subfield>
            <subfield code="v">volume 95</subfield>
            <subfield code="i">95</subfield>
            <subfield code="w">(NEBIS)001555155</subfield>
            <subfield code="9">270043411</subfield>
         </datafield>
         <datafield tag="950" ind1=" " ind2=" ">
            <subfield code="B">NEBIS</subfield>
            <subfield code="P">700</subfield>
            <subfield code="E">1-</subfield>
            <subfield code="a">Lang</subfield>
            <subfield code="D">Michael</subfield>
            <subfield code="d">1965-</subfield>
            <subfield code="0">(DE-588)130399523</subfield>
            <subfield code="e">Herausgeber</subfield>
            <subfield code="4">edt</subfield>
         </datafield>
         <datafield tag="956" ind1="4" ind2=" ">
            <subfield code="B">NEBIS</subfield>
            <subfield code="C">ZAD50</subfield>
            <subfield code="D">EBI01</subfield>
            <subfield code="a">Z16</subfield>
            <subfield code="u">https://opac.nebis.ch/objects/pdf03/z16_978-3-7073-3369-5_01.pdf</subfield>
            <subfield code="y">Titelblatt und Inhaltsverzeichnis</subfield>
            <subfield code="x">VIEW</subfield>
            <subfield code="q">pdf</subfield>
         </datafield>
         <datafield tag="956" ind1="4" ind2=" ">
            <subfield code="B">IDSBB</subfield>
            <subfield code="C">DSV51</subfield>
            <subfield code="D">DSV01</subfield>
            <subfield code="a">A100</subfield>
            <subfield code="u">http://www.ub.unibas.ch/tox/GBV/842264329/PDF</subfield>
            <subfield code="q">pdf</subfield>
            <subfield code="x">VIEW</subfield>
            <subfield code="y">Inhaltsverzeichnis</subfield>
         </datafield>
         <datafield tag="986" ind1=" " ind2=" ">
            <subfield code="a">SWISSBIB</subfield>
            <subfield code="b">358167191</subfield>
         </datafield>
      <datafield tag="690" ind1="H" ind2="D">
	    	<subfield code="8">LC</subfield>
	    	<subfield code="a">Interkantonales/Internationales Steuerrecht : Internationales Steuerrecht</subfield>
	    	<subfield code="2">HSG-IFF</subfield>
	    </datafield><datafield tag="690" ind1="H" ind2="D">
    		<subfield code="8">0</subfield>
    		<subfield code="a"/>
    		<subfield code="2">HSG-IFF</subfield>
    	</datafield><datafield tag="690" ind1="H" ind2="D">
    		<subfield code="8">0</subfield>
    		<subfield code="a"/>
    		<subfield code="2">HSG-IFF</subfield>
    	</datafield></record>